@STRING{alexis = {Roche, A.}}
@STRING{eccv = {European Conference on Computer Vision}}
@STRING{hbm = {Human Brain Mapping}}
@STRING{ijasp = {International Journal of Applied Statistics and Probability}}
@STRING{ijist = {International Journal of Imaging Systems and Technology}}
@STRING{ipmi = {Information Processing in Medical Imaging}}
@STRING{isbi = {International Symposium on Biomedical Imaging}}
@STRING{ivc = {Image and Vision Computing}}
@STRING{lncs = {Lecture Notes in Computer Science}}
@STRING{media = {Medical Image Analysis}}
@STRING{miar = {International Workshop on Medical Imaging and Augmented Reality}}
@STRING{miccai = {Medical Image Computing and Computer-Assisted Intervention}}
@STRING{mmbia = {Mathematical Methods in Biomedical Image Analysis}}
@STRING{ni = {Neuroimage}}
@STRING{nips = {Neural Information Processing Systems Conference}}
@STRING{ohbm = {Annual Meeting of the Organization for Human Brain Mapping}}
@STRING{pami = {IEEE Transactions on Pattern Analysis and Machine Intelligence}}
@STRING{pnas = {Proceedings of the National Academy of Sciences}}
@STRING{sinica = {Statistica Sinica}}
@STRING{spie = {SPIE Proceedings}}
@STRING{springer = {Springer Verlag}}
@STRING{tmi = {IEEE Transactions on Medical Imaging}}
@STRING{wbir = {International Workshop on Biomedical Image Registration}}
@STRING{ismrm = {Annual Meeting of the International Society for Magnetic Resonance in Medicine}}
@string{jmri = {Journal of Magnetic Resonance Imaging}}
@string{wiley = {Wiley}}


@conference{adpd:17,
 author = alexis # { and Damian, D. and Pedron, F. and Mar\'echal, B. and Hagmann, P. and Maeder, P. and Meuli, R. and Kober, T. and D\'emonet, J.-F.},
 title = {{Automated prediction of typical and mixed Alzheimer's disease using combined routine brain volumetry and cognitive assessment}},
 booktitle ={Submitted to AD-PD conference},
 address = {Vienna},
 year = 2017
}

@article{flash:16,
 title = {{Assessing brain volumes using MorphoBox prototype}},
 author = alexis # { and Mar\'echal, B. and Kober, T. and Krueger, G. and Hagmann, P. and Maeder, P. and Meuli, R.},
 year = 2016,
 journal = {MAGNETOM Flash, the Siemens magazine of MRI: RSNA Edition},
 note = {In press}
}

@article{pv:16,
 title = {{Partial Volume-Aware Assessment of Multiple Sclerosis Lesions}},
 author = {Fartaria, M.J. and Sorega, A. and Krueger, G. and Kober, T. and Granziera, C. and Bach Cuadra, M. and } # alexis,
 year = 2016,
 note = {Submitted}
}

@article{mfx:16,
 title = {{Intra- and inter-scanner reproducibility of volumetric assessment of brain structures based on T1-weighted whole-brain imaging}},
 author = {Falkovskiy, P. and Amann, M. and } # alexis # { and Th\"oni, A. and Mar\'echal, B. and Kannengiesser, S. and Waszak, M. and Bonnier, G. and Granziera, C. and Meuli, R. and Wuerfel, J. and Cattin, P. and Bieri, O. and Heye, T. and Kober, T. and Stippich, C. and Sprenger, T. and Thiran, J.-P. and Radue,  E.-W. and Krueger, G.},
 year = 2016,
 note = {Submitted}
}

@article{investigative_radiology:17,
  title={An ultra-high field study of cerebellar pathology in early relapsing-remitting multiple sclerosis using MP2RAGE},
  author={Fartaria, M{\'a}rio Jo{\~a}o and O'Brien, Kieran and Sorega, Alexandra and Bonnier, Guillaume and Roche, Alexis and Falkovskiy, Pavel and Krueger, Gunnar and Kober, Tobias and Cuadra, Meritxell Bach and Granziera, Cristina},
  journal={Investigative radiology},
  volume={52},
  number={5},
  pages={265--273},
  year={2017},
  publisher={LWW}
}

@article{jmri:15,
  title = {Automated detection of white matter and cortical lesions in early stages of multiple sclerosis},
  author = {Fartaria, M.J. and Bonnier, G. and } # alexis # { and  Kober, T. and Meuli, R. and
                  Rotzinger, D. and Frackowiak, R. and Schluep, M. and Du Pasquier, R. and Thiran,
                  J.-P. and Krueger, G. and Bach Cuadra, M. and Granziera, C.},
  journal = jmri,
  volume=43,
  number=6,
  pages={1445--1454},
  year = 2015,
  doi = {10.1002/jmri.25095}
}


@article{biomed:15,
  title={{Multicontrast MRI quantification of focal inflammation and degeneration in multiple sclerosis}},
  author={Bonnier, G. and } # alexis # { and Romascano, D. and Simioni, S. and Meskaldji, D.E. and Rotzinger, D. and Lin, Y.-C. and Menegaz, G. and Schluep, M. and Du Pasquier, R. Sumpf, T.J. and Frahm, J. and Thiran, J.-P. and Krueger, G. and Granziera, C.},
  journal={BioMed research international},
  volume={2015},
  number = {Article ID 569123},
  year={2015},
  publisher={Hindawi Publishing Corporation},
  doi={10.1155/2015/569123}
}


@article{nic:15,
  title={{A multi-contrast MRI study of microstructural brain damage in patients with mild cognitive impairment}},
  author={Granziera, C. and Daducci, A. and Donati, A. and Bonnier, G. and Romascano, D. and } # alexis # { and Bach Cuadra, M. and Schmitter, D. and Kl{\"o}ppel, S. and Meuli, R. and von Gunten, A. and Krueger, G.},
  journal={NeuroImage: Clinical},
  volume={8},
  pages={631--639},
  year={2015},
  publisher={Elsevier}
}


@article{ni:16,
  author = {Falkovskiy, P. and Brenner, D. and Feiweier,
                  T. and Kannengiesser, S. and Mar\'echal,
                  B. and Kober, T. and } # alexis # {
                  and Thostenson, K. and Meuli, R. and Reyes,
                  D. and Stoecker, T. and Bernstein, M.A. and
                  Thiran, J.-P. and Krueger, G.},
  title = {{Comparison of accelerated T1-weighted whole-brain structural-imaging protocols}},
  year = 2016,
  journal = ni,
  volume = 124,
  issue = {A},
  pages = {157--167},
  doi = {10.1016/j.neuroimage.2015.08.026}
}

@article{nic:14,
  author = {Schmitter, D. and } # alexis # { and Mar\'echal, B. and
                  Ribes, D. and Abdulkadir, A. and Bach Cuadra, M. and
                  Daducci, A. and Granziera, C. and Kl\"oppel, S. and
                  Maeder, P. and Meuli, R. and Krueger,
                  G.},
  title = {{An evaluation of volume-based morphometry for prediction
                  of mild cognitive impairment and Alzheimer's
                  disease}},
  year = 2015,
  journal = {NeuroImage: Clinical},
  volume = 7,
  pages = {7--17},
  doi = {10.1016/j.nicl.2014.11.001}
}

@inproceedings{miccai:14,
  author = alexis # { and Forbes, F.},
  title = {{Partial volume estimation in brain MRI revisited}},
  year = 2014,
  booktitle = miccai # { (MICCAI'14)},
  volume = 8673,
  pages = {771--778},
  series = lncs,
  address = {Boston, USA},
  month = sep,
  publisher = springer,
  doi = {10.1007/978-3-319-10404-1_96}
}


@article{plos:16,
  title = {{A New Approach for Deep Gray Matter Analysis Using Partial-Volume Estimation}},
  author = {Bonnier, G. and Kober, T. and Schluep, M. and Du Pasquier, R. and Krueger, G. and Meuli, R. and Granziera, C. and } # alexis,
  year = 2016,
  month = feb,
  volume={11},
  number={2},
  pages={e0148631},
  journal = {PlosOne},
  doi = {10.1371/journal.pone.0148631}
}


@article{hbm:15,
  title={{Multicontrast connectometry: A new tool to assess cerebellum alterations in early relapsing-remitting multiple sclerosis}},
  author={Romascano, D. and Meskaldji, D.E. and Bonnier, G. and Simioni, S. and Rotzinger, D. and Lin, Y.-C. and Menegaz, G. and } # alexis # { and Schluep, M. and Du Pasquier, R. and Richiardi, J. and Van De Ville, D. and Daducci, A. and Sumpf, T. and Fraham, J. and Thiran, J.-P. and Krueger, G. and Granziera, C.},
  journal=hbm,
  volume={36},
  number={4},
  pages={1609--1619},
  year=2015,
  publisher={Wiley Online Library}
}

@article{plos:14,
  title = {{Robust T1-weighted structural brain imaging and morphometry at 7T using MP2RAGE}},
  author = {O'Brien, K. and Krueger, G. and Hagmann, P. and Maeder,
                  P. and Kober, T. and Marques, J. and Lazeyras,
                  F. and } # alexis,
  year = 2014,
  volume=9,
  number=6,
  pages={e99676},
  month = jun,
  journal = {PlosOne},
  doi = {10.1371/journal.pone.0099676}
}


@article{actn:14,
  title = {{Advanced MRI unravels the nature of tissue alterations in
                  early multiple sclerosis}},
  author = {Bonnier, G. and } # alexis # { and Romascano, D. and
                  Simioni, S. and Meskaldji, D. and Rotzinger, D. and
                  Lin, Y.-C. and Menegaz, G. and Schluep, M. and Du
                  Pasquier, R. and Sumpf, T. and Frahm, J. and Thiran,
                  J.-P. and Krueger, G. and Granziera, C.},
  journal={Annals of clinical and translational neurology},
  volume={1},
  number={6},
  pages={423--432},
  year=2014
}


@inproceedings{miccai:12,
  author = alexis,
  title = {{Closed-Form Relaxation for MRF-MAP Tissue Classification
                  Using Discrete Laplace Equations}},
  booktitle = miccai # { (MICCAI'12)},
  year = {2012},
  volume = 7511,
  pages = {355--362},
  series = lncs,
  address = {Nice, France},
  month = oct,
  publisher = springer,
  doi = {10.1007/978-3-642-33418-4_44}
}

@article{neurology:12,
  author = {Granziera, C. and Daducci, A. and Meskaldji, D. and } #
                  alexis # { and Maeder, P. and Michel, P. and
                  Hadjikhani, N. and Sorensen, G. and Frackowiak,
                  R. and Thiran, J.-P. and Meuli, R. and Krueger, G.},
  title = {{A new early and automated MRI-based predictor of motor improvement}},
  journal = {Neurology},
  year = 2012,
  volume = 79,
  number = 1,
  pages = {39--46},
  doi = {10.1212/WNL.0b013e31825f25e7}
}

@article{hbm:14,
  author = {Granziera, C. and Daducci, A. and Romascano, D. and } #
                  alexis # { and Helms, G. and Krueger, G. and Hadjikhani, N.},
  title = {{Structural abnormalities in the thalamus of migraineurs
                  with aura: A multiparametric study at 3 T}},
  journal = hbm,
  year = 2013,
  volume={35},
  number={4},
  pages={1461--1468},
  doi = {10.1002/hbm.22266}
}

@article{cerebellum:13,
  author = {Granziera, C. and Romascano, D. and Daducci, A. and } #
                  alexis # { and Vincent, M. and Krueger, G. and Hadjikhani, N.},
  title = {{Migraineurs without aura show microstructural
                  abnormalities in the cerebellum and frontal lobe}},
  journal = {The Cerebellum},
  year = 2013,
  volume={12},
  number={6},
  pages={812--818}
}


@article{tmi:11, 
  author = alexis, 
  title = {{A four-dimensional registration algorithm with application
                  to joint correction of motion and slice timing in
                  fMRI}},
  journal = tmi,
  volume = 30,
  number = 8, 
  pages = {1546--1554},
  year = 2011,
  doi = {10.1109/TMI.2011.2131152}
}
  
@article{media:11, 
  author = alexis # { and Ribes, D. and Bach Cuadra, M. and Krueger, G.}, 
  title = {{On the Convergence of EM-Like Algorithms for Image
                  Segmentation using Markov Random Fields}},
  journal = media,
  volume = 15,
  number = 6,
  pages = {830--839},
  year = 2011,  
  doi = {10.1016/j.media.2011.05.002}
}

@article{ijasp:13,
  author = alexis, 
  title = {{Approximate inference via variational sampling}},
  year = 2013,
  journal = ijasp,
  volume = 1,
  number = 3,
  pages = {110--120},
  eprint = {arXiv:1105.1508},
  doi = {10.14419/ijasp.v1i3.1293}
}

@article{euroradiology:17,
  title={{Evaluating anorexia-related brain atrophy using MP2RAGE-based morphometry}},
  author={Boto, Jos{\'e} and Gkinis, Georgios and Roche, Alexis and Kober, Tobias and Mar{\'e}chal, B{\'e}n{\'e}dicte and Ortiz, Nadia and L{\"o}vblad, Karl-Olof and Lazeyras, Fran{\c{c}}ois and Vargas, Maria Isabel},
  journal={European radiology},
  volume={27},
  number={12},
  pages={5064--5072},
  year={2017},
  publisher=springer
}

@conference{ismrm:16,
 author = {Falkovskiy, P. and Mar\'echal, B. and Kober,
                  T. and Maeder, P. and Meuli, R. and
                  Thiran, J.-P. and } # alexis,
 title = {{Impact of image acquisition systems on Alzheimer's disease-related atrophy detection}},
 booktitle = ismrm # { (ISMRM'16)},
 address = {Singapore},
 year = 2016
}

@conference{ismrm:16b,
 author = {Falkovskiy, P. and Mar\'echal, B. and Yan,
                  S. and Jin, Z. and Qian, T. and
                  O'Brien, K. and Meuli, R. and Thiran,
                  J.-P. and Krueger, G. and Kober, T.
                  and } # alexis,
 title = {{Quantitative comparison of MP2RAGE skull-stripping strategies}},
 booktitle = ismrm # { (ISMRM'16)},
 address = {Singapore},
 year = 2016
}


@article{neurorad:16,
 author = {Haller, S. and Falkovskiy, P. and Meuli, R. and
                  Thiran, J.-P. and Krueger, G. and
                  Lovblad, K.-O. and } # alexis # { and Kober,
                  T. and Mar\'echal, B.},
 title = {{Basic MR sequence parameters systematically bias automated
                  brain volume estimation}},
 journal = {Neuroradiology},
 doi = {10.1007/s00234-016-1737-3},
 year = 2016
}

@conference{ismrm:16c,
 author = {Haller, S. and Falkovskiy, P. and Meuli, R. and
                  Thiran, J.-P. and Krueger, G. and
                  Lovblad, K.-O. and } # alexis # { and Kober,
                  T. and Mar\'echal, B.},
 title = {{Basic MR sequence parameters systematically bias automated
                  brain volume estimation}},
 booktitle = ismrm # { (ISMRM'16)},
 address = {Singapore},
 year = 2016
}

@conference{ismrm:16d,
 author = {Fartaria, M.J. and Bonnier, G. and Kober,
                  T. and } # alexis # { and Rotzinger, D. and
                  Schluep, M. and Du Pasquier, R. and Thiran,
                  J.-P. and Krueger, G. and Meuli, R.
                  and Bach Cuadra, M. and Granziera, C.},
 title = {{Longitudinal automated detection of white matter and
                  cortical lesions in relapsing-remitting multiple
                  sclerosis}},
 booktitle = ismrm # { (ISMRM'16)},
 address = {Singapore},
 year = 2016
}

@conference{ismrm:16e,
 author = {Fartaria, M.J. and Bonnier, G. and Kober, T. and O'Brien, K. and } # alexis # { and Mar\'echal, B. and Rotzinger, D. and Meuli, R. and Thiran, J.-P. and Krueger, G. and Bach Cuadra, M. and Granziera, C.},
 title = {{Focal cerebellar pathology in early relapsing-remitting
                  multiple sclerosis patients: a MP2RAGE study at 3T
                  and 7T MRI }},
 booktitle = ismrm # { (ISMRM'16)},
 address = {Singapore},
 year = 2016
}


@conference{ismrm:15,
 author = {Bonnier, G. and Thiran, J.-P- and Krueger, G. and Granziera, C. and } # alexis,
 title = {{Concentration maps improve detection of gray matter
                  alteration in cerebellum and deep gray matter
                  structures}},
 booktitle = ismrm # { (ISMRM'15)},
 address = {Toronto, Canada},
 year = 2015
}


@conference{ismrm:15b,
 author = {Fartaria, M.J. and Bonnier, G. and } # alexis # { and Kober, T. and Meuli, R. and Rotinger, D. and Schluep, M. and Du Pasquier, R. and Thiran, J.-P. and Krueger, G. and Granziera, C. and Bach Cuadra, M.},
 title = {{Exploration of advanced MR imaging contrasts for automated
                  detection of white matter and cortical lesions in
                  early-stages of multiple sclerosis}},
 booktitle = ismrm # { (ISMRM'15)},
 address = {Toronto, Canada},
 year = 2015
}

@conference{ismrm:15c,
 author = {Wang, Y. and Mar\'echal, B. and Neumann, D. and
                  } # alexis # { and West, J.D. and McDonald, B.C. and
                  Keiski, M.A. and Smith, D.J. and Saykin, A.J. and
                  Krueger, G.},
 title = {{Detecting atrophy in chronic moderate and severe traumatic
                  brain injury using an automated volume-based
                  morphometry toolbox}},
 booktitle = ismrm # { (ISMRM'15)},
 address = {Toronto, Canada},
 year = 2015
}


@conference{ismrm:14,
  author = alexis # { and Schmitter, D. and Mar\'echal, B. and
                  Ribes, D. and Abdulkadir, A. and Bach Cuadra, M. and
                  Daducci, A. and Granziera, C. and Kl\"oppel, S. and
                  Maeder, P. and Meuli, R. and Krueger,
                  G.},
  title = {{Volume-based vs. voxel-based brain morphometry in Alzheimer's disease prediction}},
  booktitle = ismrm # { (ISMRM'14)},
  address = {Milan, Italy},
  note = {The first two authors contributed equally},
  year = 2014
  }


@conference{ismrm:14b,
  author = {Romascano, D. and Meskaldji, D.E. and Bonnier,
                  G. and Simioni, S. and Rotzinger, D.
                  and Lin, Y.-C. and Menegaz, G. and } #
                  alexis # { and Schluep, M. and Du Pasquier,
                  R.},
  title = {{Cerebellar Connectomics Provide New Biomarkers in Early Multiple Sclerosis}},
  booktitle = ismrm # { (ISMRM'14)},
  address = {Milan, Italy},
  year = 2014
  }


@conference{ismrm:14c,
  title={{Multiple Sclerosis Lesion Fingerprint Using Multicontrast MRI}},
  author={Bonnier, G. and } # alexis # { and Romascano, D. and Simioni, S. and Meskaldji, D.E. and Rotzinger, D. and Lin, Y.-C. and Menegaz, G. and Schluep, M. and Du Pasquier, R.},
  booktitle = ismrm # { (ISMRM'14)},
  address = {Milan, Italy},
  year = 2014
 }

@conference{ismrm:11,
  author = {Ribes, D. and Mortamet, B. and Bach Cuadra, M. and Jack,
                  C.R. and Meuli, R. and Krueger, G. and } # alexis,
  title = {{Comparison of tissue classification models for automatic
                  brain MR segmentation}},
  booktitle = ismrm # { (ISMRM'11)},
  address = {Montreal, Canada},
  year = 2011,
}

@conference{ismrm:12,
author = {Kober, T. and } # alexis # { and Ribes, D. and Meuli, R. and
                  Krueger, G.},
title = {{Atlas-free brain tissue segmentation using a single
                  T1-weighted MRI acquisition}},
booktitle = ismrm # { (ISMRM'12)},
address = {Melbourne, Australia},
year = 2012
}

@conference{ismrm:12b,
author = {Mar\'echal, B. and Kober, T. and Hilbert, T. and Ribes,
                  D. and Chevrey, N. and } # alexis # { and Thiran,
                  J.-P. and Meuli, R. and Krueger, G.},
title = {{Automated quality control in MR-based brain morphometry}},
booktitle = ismrm # { (ISMRM'12)},
address = {Melbourne, Australia},
year = 2012
}


@conference{ismrm:13,
author = {O'Brien, K. and Krueger, G. and Lazeyras, F. and Grueter,
                  R. and } # alexis,
title = {{A simple method to denoise MP2RAGE}},
booktitle = ismrm # { (ISMRM'13)},
address = {Salt Lake City, USA},
year = 2013
}

@conference{ismrm:13b,
author = {Bach Cuadra, M. and Gelin, S. and } # alexis # { and
                  Esteban, O. and Kober, T. Marques, J. and Granziera,
                  C. and Krueger, G.},
title = {{Classical segmentation methods on novel MR imaging: a study
                  of brain tissue segmentation of MP2RAGE vs MPRAGE}},
booktitle = ismrm # { (ISMRM'13)},
address = {Salt Lake City, USA},
year = 2013
}

@conference{ismrm:13c,
author = {Bonnier, G. and Stumpf, T. and Romascano, D. and } # alexis #
                  { and Schluep, M. and Dupasquier, R. and Granziera,
                  C. and Krueger, G.},
title = {{Ultrafast T2 mapping of multiple sclerosis pathology in early disease}},
booktitle = ismrm # { (ISMRM'13)},
address = {Salt Lake City, USA},
year = 2013
}


@conference{ohbm:16,
 author = {Falkovskiy, P. and Mar\'echal, B. and Maeder, P. and Kober, T. and Thiran, J.-P.  and Meuli, R. and } # alexis,
 title = {{Correcting Effects of Magnetic Resonance Field Strength on Brain Volumetry}},
 booktitle = ohbm # { (OHBM'16)},
 address = {Geneva, Switzerland},
 year = 2016
}


@conference{ohbm:05,
  author = alexis,
  title = {{When is it a good time to smooth fMRI data?}},
  booktitle = ohbm # { (OHBM'05) CD-Rom } # ni # { 26(1)},
  year = {2005},
  address = {Toronto, Canada},
  month = jun
}

@techreport{rr:16,
  title = {{On numerical approximation schemes for expectation propagation}},
  author = alexis,
  year = 2016,
  note = {Available at arxiv.org (arXiv:1611.074416)},
  eprint = {arXiv:1611.074416}
}


@techreport{rr:15,
  title = {{Composite Bayesian inference}},
  author = alexis,
  year = 2015,
  note = {Available at arxiv.org (arXiv:1512.07678)},
  eprint = {arXiv:1512.07678},
  doi = {10.13140/RG.2.1.4538.7127}
}


@techreport{rr:19,
  title = {{Composite Bayesian inference}},
  author = alexis,
  year = 2019,
  note = {Available at arxiv.org (arXiv:1512.07678)},
  eprint = {arXiv:1512.07678},
  doi = {10.13140/RG.2.2.20957.05602}
}


@techreport{rr:12,
  author = alexis,
  title = {{EM algorithm and variants: an informal tutorial}},
  year = 2012,
  note = {Available at arxiv.org (arXiv:1105.1476)},
  eprint = {arXiv:1105.1476}
}

@PHDTHESIS{these:01,
  author = alexis,
  title = {Recalage d'images m\'edicales par inf\'erence statistique},
  school = {Universit\'e de Nice-Sophia Antipolis},
  year = {2001},
  url = {http://tel.archives-ouvertes.fr/tel-00636180},
  month = feb
}

@MASTERSTHESIS{dea:96,
  author = alexis,
  title = {{Mod\'elisation de la perception du tempo par oscillateurs adaptatifs}},
  school = {{Universit\'e Pierre et Marie Curie, Paris VI}},
  year = {1996}
}

@MISC{patent:03,
  author = alexis # { and Ayache, N. and Malandain, G. and Pennec, X.},
  title = {Electronic device for automatic registration of images},
  howpublished = {United States patent US6539127},
  month = mar,
  year = {2003},
  note = {Owner: INRIA, France. Also published as EP0977148 (Europe),
                  FR2781906 (France)},
  owner = {INRIA, France}
}

@MISC{patent:05,
  author = alexis # { and Brady, M. and Declerck, J. and Corolleur, O.},
  title = {Similarity measures},
  howpublished = {United States patent US2005152617},
  month = jul,
  year = {2005},
  note = {Owner: Mirada Solutions Ltd, UK. Also published as EP1513104
                  (Europe), JP2005169077 (Japan)},
  owner = {Mirada Solutions Ltd, UK}
}

@MISC{patent:12,
  author = {Poupon, C. and Poupon, F. and } # alexis # { and Mangin, J.-F.},
  title = {Real-time magnetic resonance diffusion imaging},
  howpublished = {United States patent US8330462},
  year = {2007},
  note = {Owner: CEA, France. Also published as EP2203758A1 (Europe)},
  owner = {CEA, France}
}


@MISC{patentapp:12,
  author = alexis # { and Kober, T. and Krueger, G.},
  title = {Automated atlas-free brain tissue classification using
                  specific magnetic resonance imaging sequences},
  year = {2013},
  note = {Owner: Siemens Schweiz AG, Switzerland. US patent
                  application 13/855972},
  owner = {Siemens Schweiz AG}
}


@MISC{patent:15,
  author = {O'Brien, K. and } # alexis,
  title = {{A simple method to denoise MP2RAGE}},
  howpublished = {United States patent US2013P01055},
  year = {2013},
  note = {Owner: Siemens Schweiz AG, Switzerland. Also published as EP 2765437},
  owner = {Siemens Schweiz AG}
}


@INPROCEEDINGS{eccv:00,
  author = alexis # { and Guimond, A. and Ayache, N. and Meunier, J.},
  title = {{Multimodal Elastic Matching of Brain Images}},
  booktitle = eccv # { (ECCV'00)},
  year = {2000},
  volume = {1843},
  series = lncs,
  pages = {511-527},
  address = {Dublin, Ireland},
  month = jun,
  publisher = springer, 
  doi = {10.1007/3-540-45053-X_33} 
}

@conference{ohbm:03,
  author = alexis # { and Kherif, F. and Flandin, G. and Poline, J.-B.},
  title = {Should {fMRI} data be analyzed using a single {BOLD} response model
	across regions?},
  booktitle = ohbm # { (OHBM'03) CD-Rom } # ni # { 19(2)},
  year = {2003},
  address = {New York, USA},
  month = jun
}

@INPROCEEDINGS{isbi:04,
  author = alexis # { and Layahe, P.-J. and Poline, J.-B.},
  title = {{Incremental Activation Detection in fMRI Time Series using Kalman
	Filtering}},
  booktitle = isbi # { (ISBI'04)},
  year = {2004},
  pages = {376--379},
  address = {Washington, DC, USA},
  month = apr, 
  doi = {10.1109/ISBI.2004.1398553}
}

@ARTICLE{ni:07,
  author = alexis # { and M\'eriaux, S. and Keller, M. and Thirion, B.},
  title = {{Mixed-effects statistics for group analysis in fMRI: A nonparametric
	maximum likelihood approach}},
  journal = ni,
  volume = {38},
  pages = {501--510}, 
  year = 2007,
  doi = {10.1016/j.neuroimage.2007.06.043},
}

@ARTICLE{ijist:00,
  author = alexis # { and Malandain, G. and Ayache, N.},
  title = {{Unifying Maximum Likelihood Approaches in Medical Image Registration}},
  journal = {International Journal of Imaging Systems and Technology: Special
	issue on 3D imaging},
  volume = {11},
  pages = {71-80},
  publisher = wiley,
  year = 2000,
  doi = {10.1002/(SICI)1098-1098(2000)11:1<71::AID-IMA8>3.0.CO;2-5}
}

@TECHREPORT{rr:99,
  author = alexis # { and Malandain, G. and Ayache, N.},
  title = {{Unifying Maximum Likelihood Approaches in Medical Image Registration}},
  institution = {INRIA},
  year = {1999},
  number = {3741},
  month = jul, 
  url = {http://hal.inria.fr/inria-00072923}
}

@TECHREPORT{rr:98,
  author = alexis # { and Malandain, G. and Ayache, N. and Pennec, X.},
  title = {{Multimodal Image Registration by Maximization of the Correlation
	Ratio}},
  institution = {INRIA},
  year = {1998},
  number = {3378},
  month = aug, 
  url = {http://hal.inria.fr/inria-00073311}
}

@INPROCEEDINGS{miccai:99,
  author = alexis # { and Malandain, G. and Ayache, N. and Prima, S.},
  title = {{Towards a Better Comprehension of Similarity Measures used in Medical
	Image Registration}},
  booktitle = miccai # { (MICCAI'99)},
  year = {1999},
  volume = {1679},
  series = lncs,
  pages = {555-566},
  address = {Cambridge, UK},
  month = sep,
  publisher = springer, 
  doi = {10.1007/10704282_60}
}

@INPROCEEDINGS{miccai:98,
  author = alexis # { and Malandain, G. and Pennec, X. and Ayache, N.},
  title = {{The Correlation Ratio as a New Similarity Measure for Multimodal
	Image Registration}},
  booktitle = miccai # { (MICCAI'98)},
  year = {1998},
  volume = {1496},
  series = lncs,
  pages = {1115-1124},
  address = {Cambridge, USA},
  month = oct,
  publisher = springer, 
  doi = {10.1007/BFb0056301}
}

@ARTICLE{tmi:01b,
  author = alexis # { and Pennec, X. and Malandain, G. and Ayache, N.},
  title = {{Rigid Registration of 3D Ultrasound with MR Images: a New Approach
	Combining Intensity and Gradient Information}},
  journal = tmi,
  volume = {20},
  pages = {1038--1049},
  number = {10}, 
  year = 2001,
  doi = {10.1109/42.959301},
}

@TECHREPORT{rr:00,
  author = alexis # { and Pennec, X. and Malandain, G. and Ayache, N. and Ourselin,
	S.},
  title = {{Generalized Correlation Ratio for Rigid Registration of 3D Ultrasound
	with MR Images}},
  institution = {INRIA},
  year = {2000},
  number = {3980},
  month = jul, 
  url = {http://hal.inria.fr/inria-00072667}
}

@INPROCEEDINGS{miccai:00,
  author = alexis # { and Pennec, X. and Rudolph, M. and Auer, D. P. and Malandain,
	G. and Ourselin, S. and Auer, L. M. and Ayache, N.},
  title = {{Generalized Correlation Ratio for Rigid Registration of 3D Ultrasound
	with MR Images}},
  booktitle = miccai # { (MICCAI'00)},
  year = {2000},
  editor = {S. Delp and A.M. DiGioia and B. Jaramaz},
  volume = {1935},
  series = lncs,
  pages = {567--577},
  address = {Pittsburgh, USA},
  month = {October},
  publisher = springer, 
  doi = {10.1007/978-3-540-40899-4_58}
}

@INPROCEEDINGS{miccai:04,
  author = alexis # { and Pinel, P. and Dehaene, S. and Poline, J.-B.},
  title = {{Solving Incrementally the Fitting and Detection Problems in fMRI
	Time Series}},
  booktitle = miccai # { (MICCAI'04)},
  year = {2004},
  volume = {3217},
  series = lncs,
  pages = {719--726},
  address = {Saint-Malo, France},
  month = sep,
  publisher = springer, 
  doi = {10.1007/978-3-540-30136-3_88}, 
}

@conference{ohbm:04,
  author = alexis # { and Poline, J.-B.},
  title = {{Kalman Filtering for Real-Time fMRI Analysis}},
  booktitle = ohbm # { (OHBM'04) CD-Rom } # ni # { 22(1)},
  year = {2004},
  address = {Budapest, Hungary},
  month = jun
}

@INPROCEEDINGS{miccai:02,
  author = {Bardinet, E. and Cathier, P. and } # alexis # { and Dormont, D.},
  title = {{A Posteriori Validation of Pre-Operative Planning in Functional
	Neurosurgery By Quantification of Brain Pneumocephalus}},
  booktitle = miccai # { (MICCAI'02)},
  year = {2002},
  editor = {W.J. Niessen and M.A. Viergever},
  volume = {2488(1)},
  series = lncs,
  pages = {323-330},
  address = {Tokyo, Japan},
  month = nov,
  publisher = springer, 
  doi = {10.1007/3-540-45786-0_40}
}

@INPROCEEDINGS{miccai:01,
  author = {Bardinet, E. and Colchester, A.C.F. and } # alexis # { and Zhu, Y.
	and He, Y. and Ourselin, S. and Nailon, B. and Hojjat, S.A. and Ironside,
	J. and Al-Sarraj, S. and Ayache, N. and Wardlaw, J.},
  title = {{Registration of Reconstructed Post Mortem Optical Data with MR Scans
	of the Same Patient}},
  booktitle = miccai # { (MICCAI'01)},
  year = {2001},
  editor = {W.J. Niessen and M.A. Viergever},
  volume = {2208},
  series = lncs,
  pages = {957-965},
  address = {Utrecht, Netherlands},
  month = oct,
  publisher = springer, 
  doi = {10.1007/3-540-45468-3_114}
}

@INPROCEEDINGS{miccai:08,
  author = {Bhattacharjee, M. and Pitiot, A. and } # alexis # { and Dormont,
	D. and Bardinet, E.},
  title = {{Anatomy-Preserving Nonlinear Registration of Deep Brain ROIs using
	Confidence-Based Block-Matching}},
  booktitle = miccai # { (MICCAI'08)},
  year = {2008},
  series = lncs,
  address = {New York, USA},
  month = sep,
  publisher = springer,
  doi = {10.1007/978-3-540-85990-1_115},
}

@conference{cancero:99,
  author = {Bondiau, P. Y. and Malandain, G. and Benezery, K. and } # alexis
	# { and Ferrand, R. and Ponvert, D. and Habrand, J. L. and Bruneton, J. N.},
  title = {{Fusions Scanner / IRM entri\`erement automatique: perspectives d'utilisation
	pour la radioth\'erapie}},
  booktitle = {{Proc. du XIXe Forum de Canc\'erologie}},
  year = {1999},
  address = {Paris},
  month = jun
}

@conference{rsna:99,
  author = {Bondiau, P. Y. and Malandain, G. and Benezery, K. and } # alexis
	# { and Ferrand, R. and Ponvert, D. and Habrand, J. L. and Bruneton,
	J. N.},
  title = {{Automatic CT Scan and MRI Matching: Use for Brain Tumor Radiotherapy}},
  booktitle = {{RSNA'99}},
  year = {1999},
  address = {Chicago, USA},
  month = nov,
  publisher = {Published in Supplement to Radiology, 213:236}
}

@INPROCEEDINGS{isbi:04b,
  author = {Ciuciu, P. and Idier, J. and } # alexis # { and Pallier, C.},
  title = {Outlier detection for robust region-based estimation of the Hemodynamic
	Response Function in event-related f{MRI}},
  booktitle = isbi # { (ISBI'04)},
  year = {2004},
  pages = {392--395},
  address = {Washington, DC, USA}, 
  month = apr, 
  doi = {10.1109/ISBI.2004.1398557}
}

@INPROCEEDINGS{miccai:00c,
  author = {Colchester, A. and Ourselin, S. and Zhu, Y. and Bardinet, E. and
	He, Y. and } # alexis # { and Al-Sarraj, S. and Nailon, B. and Ironside,
	J. and Ayache, N.},
  title = {{3-D Reconstruction of Macroscopic Optical Brain Slice Images}},
  booktitle = miccai # { (MICCAI'00)},
  year = {2000},
  editor = {S. Delp and A.M. DiGioia and B. Jaramaz},
  volume = {1935},
  series = lncs,
  pages = {95--105},
  address = {Pittsburgh, USA},
  month = {October},
  publisher = springer, 
  doi = {10.1007/978-3-540-40899-4_10}
}

@ARTICLE{pnas:06,
  author = {Dehaene-Lambertz, G. and Hertz-Pannier, L. and Dubois, J. and M\'eriaux,
	S. and } # alexis # { and Sigman, M.},
  title = {Functional organization of perisylvian activation during presentation
	of sentences in preverbal infants},
  journal = pnas,
  year = {2006},
  volume = {103},
  pages = {14240--14245}, 
  doi = {10.1073/pnas.0606302103}
}

@INPROCEEDINGS{miccai:01d,
  author = {Delingette, H. and Bardinet, E. and Rey, D. and Lemarechal, J.-D.
	and Montagnat, J. and Ourselin, S. and } # alexis # { and Dormont,
	D. and Yelnik, J. and Ayache, N.},
  title = {{YAV++: a Software Platform for Medical Image Processing and Visualization}},
  booktitle = {Workshop on Interactive Medical Image Visualization and Analysis,
	satellite symposia of MICCAI'01},
  year = {2001},
  address = {Utrecht, Netherlands},
  month = oct
}

@INPROCEEDINGS{isbi:04c,
  author = {Duchesnay, E. and } # alexis # { and Rivi\`ere, D. and Papadopoulos-Orfanos,
	D. and Cointepas, Y. and Mangin, J.-F.},
  title = {Population Classification Based on Structural Morphometry of Cortical
	Sulci},
  booktitle = isbi # { (ISBI'04)},
  year = {2004},
  pages = {1276--1279},
  address = {Washington, DC, USA},
  doi = {10.1109/ISBI.2004.1398776}
}

@conference{ohbm:04c,
  author = {Duchesnay, E. and } # alexis # { and Rivi\`ere, D. and Papadopoulos-Orfanos,
	D. and Cointepas, Y. and Mangin, J.-F.},
  title = {Guessing the Sex from the Shapes of Cortical Folds},
  booktitle = ohbm # { (OHBM'04) CD-Rom } # ni # { 22(1)},
  year = {2004},
  address = {Budapest, Hungary},
  month = jun
}

@ARTICLE{tmi:07,
  author = {Duchesnay, E. and Cachia, A. and } # alexis # { and Rivi\`ere, D.
	and Cointepas, Y. and Papadopoulos-Orfanos, D. and Zilbovicius, M.
	and Martinot, J.-L. and Mangin, J.-F.},
  title = {Classification from cortical folding patterns},
  journal = tmi,
  volume = {26},
  pages = {553--565},
  number = {4}, 
  year = 2007,
  doi = {10.1109/TMI.2007.892501}
}

@CONFERENCE{ohbm:09,
  author = {Favre, L. and Fouque, A.-L. and Vincent, T. and Tucholka, A. and
	Keller, M. and Operto, G. and Thyreau, B. and Clouchoux, C. and Risser,
	L. and Moreno, A. and Geffroy, D. and Cointepas, Y. and Coulon, O.
	and Ciuciu, P. and Thirion, B. and } # alexis,
  title = {{A Comprehensive fMRI Processing Toolbox for BrainVISA}},
  booktitle = ohbm # { (OHBM'09)},
  year = {2009},
  address = {San Francisco, USA}
}

@conference{ohbm:09b,
  title={{NIPY: an open library and development framework for FMRI data analysis}},
  author={Brett, M. and Taylor, J. and Burns, C. and Millman, K.J. and
                  Perez, F. and } # alexis # { and Thirion, B. and D'Esposito,
                  M.},
  booktitle = ohbm # { (OHBM'09) } # ni # { 47:S196},
  year={2009},
  address = {San Francisco, USA},
  doi = {10.1016/s1053-8119(09)72223-2}
}


@conference{ohbm:04d,
  author = {Flandin, G. and Pennec, X. and } # alexis # { and Penny, W. and Ayache,
	N. and Poline, J.-B.},
  title = {Multi-subject anatomo-functional classification for activation studies},
  booktitle = ohbm # { (HBM'04) CD-Rom } # ni # { 22(1)},
  year = {2004},
  address = {Budapest, Hungary},
  month = jun
}

@ARTICLE{tmi:02,
  author = {Freire, L. and } # alexis # { and Mangin, J.-F.},
  title = {{What is the best similarity measure for motion correction in fMRI
	time series?}},
  journal = tmi,
  volume = {21},
  pages = {470--484},
  number = {5},
  doi = {10.1109/TMI.2002.1009383}, 
  year = 2002
}

@INPROCEEDINGS{miccai:01b,
  author = {Granger, S. and Pennec, X. and } # alexis,
  title = {{Rigid Point-Surface Registration using an EM Variant of ICP for
	Computed Guided Oral Implantology}},
  booktitle = miccai # { (MICCAI'01)},
  year = {2001},
  editor = {W.J. Niessen and M.A. Viergever},
  volume = {2208},
  series = lncs,
  pages = {752-761},
  address = {Utrecht, Netherlands},
  month = oct,
  publisher = springer, 
  doi = {10.1007/3-540-45468-3_90}
}

@TECHREPORT{rr:01,
  author = {Granger, S. and Pennec, X. and } # alexis,
  title = {{Rigid Point-Surface Registration using Oriented Points and an EM
	Variant of ICP for Computer Guided Oral Implantology}},
  institution = {INRIA},
  year = {2001},
  number = {4169},
  month = apr, 
  url = {http://hal.inria.fr/inria-00072453}
}

@ARTICLE{tmi:01,
  author = {Guimond, A. and } # alexis # { and Ayache, N. and Meunier, J.},
  title = {{Multimodal Brain Warping Using the Demons Algorithm and Adaptative
	Intensity Corrections}},
  journal = tmi,
  volume = {20},
  pages = {58--69},
  number = {1},
  year = 2001,
  doi = {10.1109/42.906425}
}

@TECHREPORT{rr:99b,
  author = {Guimond, A. and } # alexis # { and Ayache, N. and Meunier, J.},
  title = {{Multimodal Brain Warping Using the Demons Algorithm and Adaptative
	Intensity Corrections}},
  institution = {INRIA},
  year = {1999},
  number = {3796},
  month = nov, 
  url = {http://hal.inria.fr/inria-00072863}
}

@INPROCEEDINGS{isbi:08,
  author = {Keller, M. and } # alexis,
  title = {{Increased Sensitivity in fMRI Group Analyses using Mixed-Effect
	Modeling}},
  booktitle = isbi # { (ISBI'08)},
  year = {2008},
  pages = {548--551},
  address = {Paris, France},
  month = may, 
  doi = {10.1109/ISBI.2008.4541054}
}


@INPROCEEDINGS{isbi:08b,
  author = {Ciuciu, P. and Vincent, T. and Foulque, A.-L. and } # alexis,
  title = {{Improved fMRI group studies based on spatially varying
                  non-parametric BOLD signal modeling}},
  booktitle = isbi # { (ISBI'08)},
  year = {2008},
  pages = {1263--1266},
  address = {Paris, France},
  month = may, 
  doi = {10.1109/ISBI.2008.4541233}
}


@INPROCEEDINGS{isbi:07,
  author = {Ciuciu, P. and Abry, P. and Rabrait, C. and Wendt, H. and } # alexis,
  title = {{Leader-Based Multifractal Analysis for Evi fmri Time
                  Series: Ongoing vs Task-Related Brain Activity}}, 
  booktitle = isbi # { (ISBI'07)},
  year = {2007},
  pages = {404--407},
  address = {Washington, DC, USA},
  month = may, 
  doi = {10.1109/ISBI.2007.356874}
}


@ARTICLE{sinica:08,
  author = {Keller, M. and } # alexis # { and Tucholka, A. and Thirion, B.},
  title = {{Dealing with Spatial Normalization Errors in fMRI Group Inference
	using Hierarchical Modeling}},
  journal = sinica,
  year = {2008},
  volume = {18},
  number = {4}, 
  pages = {1357--1374},
  url = {http://www3.stat.sinica.edu.tw/statistica/J18N4/J18N47/J18N47.html}
}

@INPROCEEDINGS{miccai:09,
  author = {M. Keller and M. Lavielle and M. Perrot and } # alexis,
  title = {{Anatomically Informed Bayesian Model Selection for fMRI Group Data
	Analysis}},
  booktitle = miccai # { (MICCAI'09)},
  year = {2009},
  volume = {5762},
  series = lncs,
  pages = {450--457},
  address = {London, UK},
  month = sep,
  publisher = springer, 
  doi = {10.1007/978-3-642-04271-3_55}
}

@conference{ohbm:05b,
  author = {M\'eriaux, S. and } # alexis # { and Catry, J. and Chauvin, O. and
	Poline, J.-B.},
  title = {Robust statistics for f{MRI} group analyses},
  booktitle = ohbm # { (HBM'05) CD-Rom } # ni # { 26(1)},
  year = {2005},
  address = {Toronto, Canada},
  month = jun
}

@conference{ohbm:06,
  author = {M\'eriaux, S. and } # alexis # { and Dehaene-Lambertz, G. and Poline,
	J.-B.},
  title = {When do mixed-effect models fail to improve detection sensitivity
	in f{MRI} group activation maps?},
  booktitle = ohbm # { (HBM'06) CD-Rom } # ni # { 31(1)},
  year = {2006},
  address = {Florence, Italy}
}

@ARTICLE{hbm:06,
  author = {M\'eriaux, S. and } # alexis # { and Dehaene-Lambertz, G. and Thirion,
	B. and Poline, J.-B.},
  title = {{Combined permutation test and mixed-effect model for group average
	analysis in fMRI}},
  journal = hbm,
  year = {2006},
  volume = {27},
  pages = {402--410},
  number = {5},
  doi = {10.1002/hbm.20251}
}

@INPROCEEDINGS{isbi:06,
  author = {M\'eriaux, S. and } # alexis # { and Thirion, B. and Dehaene-Lambertz,
	G.},
  title = {Robust statistics for nonparametric group analysis in {fMRI}},
  booktitle = isbi # { (ISBI'06)},
  year = {2006},
  pages = {936--939},
  address = {Washington, DC, USA},
  month = apr, 
  doi = {10.1109/ISBI.2006.1625073}
}

@conference{ohbm:04b,
  author = {M\'eriaux, S. and Kherif, F. and } # alexis # { and Brett, M. and
	Garnero, L. and Poline, J.-B.},
  title = {How frequently do we sample inhomogeneous group of subjects in f{MRI}
	studies?},
  booktitle = ohbm # { (HBM'04) CD-Rom } # ni # { 22(1)},
  year = {2004},
  address = {Budapest, Hungary},
  month = jun
}

@INPROCEEDINGS{paris:00,
  author = {Migneco, O. and Malandain, G. and } # alexis # { and Dygai, I. and
	Bussiere, F. and Ayache, N. and Darcourt, J.},
  title = {Absolute Calibration of HMPAO SPECT Using Xenon 133},
  booktitle = {Congr\`es Europ\'een de M\'edecine Nucl\'eaire},
  year = {2000},
  address = {Paris, France},
  month = sep
}

@INPROCEEDINGS{miccai:00b,
  author = {Ourselin, S. and } # alexis # { and Prima, S. and Ayache, N.},
  title = {{Block Matching: a General Framework to Improve Robustness of Rigid
	Registration of Medical Images}},
  booktitle = miccai # { (MICCAI'00)},
  year = {2000},
  editor = {S. Delp and A.M. DiGioia and B. Jaramaz},
  volume = {1935},
  series = lncs,
  pages = {557-566},
  address = {Pittsburgh, USA},
  month = {October},
  publisher = springer, 
  doi = {10.1007/978-3-540-40899-4_57}
}

@INPROCEEDINGS{wbir:99,
  author = {Ourselin, S. and } # alexis # { and Subsol, G. and Pennec, X.},
  title = {{Automatic Alignment of Histological Sections}},
  booktitle = wbir # { (WBIR'99)},
  year = {1999},
  editor = {F. Pernus and S. Kovacic and H.S. Stiehl and M.A. Viergever},
  pages = {1-13},
  address = {Bled, Slovenia},
  month = aug
}

@ARTICLE{ivc:00,
  author = {Ourselin, S. and } # alexis # { and Subsol, G. and Pennec, X. and
	Ayache, N.},
  title = {{Reconstructing a 3D Structure from Serial Histological Sections}},
  journal = ivc,
  year = {2000},
  volume = {19},
  pages = {25--31},
  number = {1--2},
  doi = {10.1016/S0262-8856(00)00052-4}
}

@TECHREPORT{rr:98b,
  author = {Ourselin, S. and } # alexis # { and Subsol, G. and Pennec, X. and
	Sattonet, C.},
  title = {{Automatic Alignment of Histological Sections for 3D Reconstruction
	and Analysis}},
  institution = {INRIA},
  year = {1998},
  number = {3595},
  month = dec, 
  url = {http://hal.inria.fr/inria-00073084}
}

@INPROCEEDINGS{miccai:01c,
  author = {Ourselin, S. and Bardinet, E. and Dormont, D. and Malandain, G. and
	} # alexis # { and Ayache, N.},
  title = {{Fusion of Histological Sections and MR Images: Towards the Construction
	of an Atlas of the Human Basal Ganglia}},
  booktitle = miccai # { (MICCAI'01)},
  year = {2001},
  editor = {W.J. Niessen and M.A. Viergever},
  volume = {2208},
  series = lncs,
  pages = {743-751},
  address = {Utrecht, Netherlands},
  month = oct,
  publisher = springer, 
  doi = {10.1007/3-540-45468-3_89}
}

@conference{dijon:99,
  author = {Ourselin, S. and Sattonnet, C. and } # alexis # { and Subsol, G.},
  title = {{Automatic alignment of histological sections for 3D reconstruction and analysis}},
  booktitle = {6\`eme congr\`es annuel de l'Association Fran\c caise de Cytom\'etrie},
  year = {1999},
  address = {Dijon, France},
  month = oct,
  publisher = {Published in the Analytical Cellular Pathology Journal, 19(3):123}
}

@inbook{book:05,
  author = {Pennec, X. and Ayache, N. and } # alexis # { and Cachier, P.},
  chapter = {Non-rigid {MR/US} registration for tracking brain deformations},
  title = {Multi-Sensor Image Fusion and Its Applications},
  publisher = {CRC Press},
  pages = {107--143},
  year = {2006},
  editor = {R.S. Blum and Z. Liu},
  address = {Boca Raton, USA},
  edition = {First}
}

@INPROCEEDINGS{miar:01,
  author = {Pennec, X. and Ayache, N. and } # alexis # { and Cachier, P.},
  title = {{Non-rigid MR/US registration for tracking brain deformations}},
  booktitle = miar # { (MIAR'01)},
  pages = {79-86},
  address = {Shatin, Hong Kong},
  month = jun,
  publisher = {IEEE Computer Society Press}, 
  year = {2001}, 
  doi = {10.1109/MIAR.2001.930268}
}

@ARTICLE{pls:05,
  author = {Poline, J.-B. and Ciuciu, A. and } # alexis # { and Thirion, B.},
  title = {Quelle confiance accorder aux images du cerveau en action?},
  journal = {Pour la Science},
  year = {2005},
  volume = {338},
  pages = {138--142}
}

@inbook{book:10,
  author = {Poline, J.-B. and Thirion, B. and } # alexis # { and M\'eriaux, S.},
  chapter = {{Intersubject variability in fMRI data: causes,
                  consequences, and related analysis strategies}},
  pages = {173--192},
  title = {Foundational Issues in Human Brain Mapping},
  publisher = {MIT press},
  editor = {S.J. Hanson and M. Bunzl}, 
  adddress = {Cambridge, USA},
  year = {2010}
}

@ARTICLE{media:08,
  author = {Poupon, C. and } # alexis # { and Dubois, J. and Mangin, J.-F. and
	Poupon, F.},
  title = {{Real-Time MR Diffusion Tensor and Q-ball Imaging using Kalman Filtering}},
  journal = media,
  year = {2008},
  volume = {12},
  pages = {527--534},
  number = {5},
  doi = {10.1016/j.media.2008.06.004},
  note = {Elsevier Medical Image Analysis -- MICCAI'07 best paper}
}

@INPROCEEDINGS{miccai:07,
  author = {Poupon, C. and Poupon, F. and } # alexis # { and Cointepas, Y. and
	Dubois, J. and Mangin, J.-F.},
  title = {{Real-Time MR Diffusion Tensor and Q-Ball Imaging Using Kalman Filtering}},
  booktitle = miccai # { (MICCAI'07)},
  year = {2007},
  volume = {4791},
  series = lncs,
  pages = {27--35},
  address = {Brisbane, Australia},
  month = nov,
  publisher = springer, 
  doi = {10.1007/978-3-540-75757-3_4}  
}

@conference{ismrm:08,
  author = {Poupon, F. and } # alexis # { and Mangin, J.-F. and Poupon, C.},
  title = {Real-time {MR} diffusion tensor and {Q-ball} imaging using {Kalman}
	filtering},
  booktitle = ismrm # { (ISMRM'08)},
  year = {2008},
  address = {Toronto, Canada}
}


@INPROCEEDINGS{mmbia:06,
  author = {Thirion, B. and } # alexis # { and Ciuciu, P. and Poline, J.-B.},
  title = {{Improving sensitivity and reliability of fMRI group studies through
	high level combination of individual subjects results}},
  booktitle = mmbia # { (MMBIA'06)},
  year = {2006},
  pages = {62},
  address = {New York, USA},
  month = jun, 
  doi = {10.1109/CVPRW.2006.99}
}

@ARTICLE{hbm:06b,
  author = {Thirion, B. and Flandin, G. and Pinel, P. and } # alexis # { and
	Ciuciu, P. Poline, J.-B.},
  title = {{Dealing with the shortcomings of spatial normalization: Multi-subject
	parcellation of fMRI datasets}},
  journal = hbm,
  year = {2006},
  volume = {27},
  pages = {678--693},
  number = {8},
  month = aug, 
  doi = {10.1002/hbm.20210}
}

@ARTICLE{ni:07b,
  author = {Thirion, B. and Pinel, P. and M\'eriaux, S. and } # alexis # { and
	Dehaene, S. and Poline, J.-B.},
  title = {{Analysis of a Large fMRI cohort: Statistical and Methodological
	Issues for Group Analyses}},
  journal = ni,
  year = {2007},
  volume = {35},
  pages = {105--120},
  number = {1}, 
  doi = {10.1016/j.neuroimage.2006.11.054}
}

@ARTICLE{tmi:07b,
  author = {Thirion, B. and Pinel, P. and Tucholka, A. and } # alexis # { and
	Ciuciu, P. and Mangin, J.-F. and Poline, J.-B.},
  title = {{Structural Analysis of fMRI Data Revisited: Improving the Sensitivity
	and Reliability of fMRI Group Studies}},
  journal = tmi,
  year = {2007},
  volume = {26},
  pages = {1256--1269},
  number = {9},
  doi = {10.1109/TMI.2007.903226}
}

@INPROCEEDINGS{ipmi:07,
  author = {Thirion, B. and Tucholka, A. and Keller, M. and Pinel, P. and } #
	alexis # { and Mangin, J.-F. and Poline, J.-B.},
  title = {{High Level Group Analysis of fMRI Data Based on Dirichlet Process
	Mixture Models}},
  booktitle = ipmi # { (IPMI'07)},
  year = {2007},
  series = lncs,
  pages = {482--494},
  address = {Kerkrade, Netherlands},
  publisher = springer,
  doi = {10.1007/978-3-540-73273-0_40}
}

@inbook{book:02,
  author = {Warfield, S. and Guimond, A. and } # alexis # { and Bharatha, A.
	and Tei, A. and Talos, F. and Rexilius, J. and Ruiz-Alzola, J. and
	Westin, C.-F. and Haker, S. and Angenent, S. and Tannenbaum, A. and
	Jolesz, F. and Kikinis, R.},
  chapter = {Advanced Nonrigid Registration Algorithms for Image Fusion},
  pages = {661--690},
  title = {Brain Mapping: The Methods},
  publisher = {Academic Press},
  year = {2002},
  editor = {A. W. Toga},
  address = {San Diego, USA},
  edition = {Second}
}


@book{book:15,
 author = {Argyriou, Vasileios and Martinez Del Rincon, Jesus and
                  Villarini, Barbara and } #alexis,
 title = {{Image, Video \& 3D Data Registration: Medical, Satellite \&
                  Video Processing Applications with Quality Metrics}},
 year = 2015,
 month = aug,
 publisher = wiley,
 ISBN = {978-1-118-70246-8},
 url = {http://eu.wiley.com/WileyCDA/WileyTitle/productCd-1118702468,subjectCd-EEJ2.html}
 }

@inbook{inbook:15,
 author = alexis,
 chapter = {{Medical Image Registration Measures}},
 title = {{Image, Video \& 3D Data Registration: Medical, Satellite \&
                  Video Processing Applications with Quality Metrics}},
 year = 2015,
 month = aug,
 publisher = wiley,
 ISBN = {978-1-118-70246-8},
 url = {http://eu.wiley.com/WileyCDA/WileyTitle/productCd-1118702468,subjectCd-EEJ2.html}
}
