@inproceedings{Noh-01,
  title={Expression cloning},
  author={Noh, Jun-yong and Neumann, Ulrich},
  booktitle={Proceedings of the 28th annual conference on Computer graphics and interactive techniques},
  pages={277--288},
  year={2001}
}

@article{Sumner-04,
  title={Deformation transfer for triangle meshes},
  author={Sumner, Robert W and Popovi{\'c}, Jovan},
  journal={ACM Transactions on graphics (TOG)},
  volume={23},
  number={3},
  pages={399--405},
  year={2004},
  publisher={ACM New York, NY, USA}
}

@article{Blanco-17,
  title={Facial retargeting with automatic range of motion alignment},
  author={Blanco i Ribera, Roger and Zell, Eduard and Lewis, John P and Noh, Junyong and Botsch, Mario},
  journal={ACM Transactions on graphics (TOG)},
  volume={36},
  number={4},
  pages={1--12},
  year={2017},
  publisher={ACM New York, NY, USA}
}

@article{Zhang-20,
  title={Facial expression retargeting from human to avatar made easy},
  author={Zhang, Juyong and Chen, Keyu and Zheng, Jianmin},
  journal={IEEE Transactions on Visualization and Computer Graphics},
  volume={28},
  number={2},
  pages={1274--1287},
  year={2020},
  publisher={IEEE}
}

@inproceedings{Chaudhuri-20,
  title={Personalized face modeling for improved face reconstruction and motion retargeting},
  author={Chaudhuri, Bindita and Vesdapunt, Noranart and Shapiro, Linda and Wang, Baoyuan},
  booktitle={European Conference on Computer Vision},
  pages={142--160},
  year={2020},
  organization={Springer}
}

@article{Seol-12,
  title={Spacetime expression cloning for blendshapes},
  author={Seol, Yeongho and Lewis, John P and Seo, Jaewoo and Choi, Byungkuk and Anjyo, Ken and Noh, Junyong},
  journal={ACM Transactions on Graphics (TOG)},
  volume={31},
  number={2},
  pages={1--12},
  year={2012},
  publisher={ACM New York, NY, USA}
}
