@STRING{acm = {Association of Computing Machinery}}
@STRING{ai = {Artificial Intelligence}}
@STRING{aim = {Artificial Intelligence in Medicine}}
@STRING{aip = {Annales de l'Institut Pasteur}}
@STRING{ap = {Academic Press}}
@STRING{biomag = {International Conference on Biomagnetism}}
@STRING{bme = {IEEE Transactions on Biomedical Engineering}}
@STRING{cacm = {Communications of the Association of Computing Machinery}}
@STRING{cmig = {Computerized Medical Imaging \& Graphics}}
@STRING{cvgip = {Computer Vision, Graphics, and Image Processing}}
@STRING{cviu = {Computer Vision and Image Understanding}}
@STRING{cvrmed = {Computer Vision, Virtual Reality and Robotics	in Medicine (CVRMed)}}
@STRING{exmed = {Excerpta Medica -- Int. Congress Series}}
@STRING{hbm = {Human Brain Mapping}}
@STRING{icip = {International Conference on Image Processing}}
@STRING{ieee = {IEEE}}
@STRING{ijcv = {International Journal of Computer Vision}}
@STRING{ijist = {International Journal of Imaging Systems and Technology}}
@STRING{inria = {INRIA}}
@STRING{ivc = {Image and Vision Computing}}
@STRING{jcat = {Journal of Computer Assisted Tomography}}
@STRING{jnm = {Journal of Nuclear Medicine}}
@STRING{jrssb = {Journal of the Royal Statistical Society: Series B}}
@STRING{kluwer = {Kluwer Academic Publishers}}
@STRING{lncs = {LNCS}}
@STRING{media = {Medical Image Analysis}}
@STRING{jmiv = {Journal of Mathematical Imaging and Vision}}
@STRING{jmlr = {Journal of Machine Learning Research}}
@STRING{mmbia = {IEEE Workshop on Mathematical Methods in Biomedical Image Analysis
	(MMBIA)}}
@STRING{miccai = {Medical Image Computing and Computer-Assisted Intervention (MICCAI)}}
@STRING{ipmi = {International Conference on Information Processing in
	Medical Imaging (IPMI)}}
@STRING{iccv = {International Conference on Computer Vision (ICCV)}}
@STRING{eccv = {European Conference on Computer Vision (ICCV)}}
@STRING{icml = {International Conference on Machine Learning}}
@STRING{spiemi = {SPIE Medical Imaging}}
@STRING{cvpr = {IEEE Computer Society Conference on Computer Vision
                  and Pattern Recognition (CVPR)}}
@STRING{mp = {Medical Physics}}
@STRING{jmr = {Journal of Magnetic Resonance}}
@STRING{mri = {Magnetic Resonance Imaging}}
@STRING{mrm = {Magnetic Resonance in Medicine}}
@STRING{nature = {Nature}}
@STRING{ni = {NeuroImage}}
@STRING{pami = {IEEE Transactions on Pattern Analysis and Machine Intelligence}}
@STRING{pmb = {Physics in Medecine and Biology}}
@STRING{pnas = {Proceedings of the National Academy of Sciences}}
@STRING{pr = {Pattern Recognition}}
@STRING{siproc = {Signal Processing}}
@STRING{sp = {SPIE Proceedings}}
@STRING{spie = {SPIE Press}}
@STRING{springer = {Springer}}
@STRING{tip = {IEEE Transactions on Image Processing}}
@STRING{tit = {IEEE Transactions on Information Theory}}
@STRING{titb = {IEEE Transactions on Information Technology in Biomedicine}}
@STRING{tmi = {IEEE Transactions on Medical Imaging}}
@STRING{tsp = {IEEE Transactions on Signal Processing}}
@STRING{umb = {Ultrasound In Medicine and Biology}}
@STRING{vbc = {Visualisation in Biomedical Computing (VBC)}}
@STRING{wbir = {International Workshop on Biomedical Image Registration (WBIR)}}


@ARTICLE{Allassonniere-07,
  author = {Allassonni\`ere, S. and Amit, Y. and Trouv\'e, A.},
  title = {Towards a coherent statistical framework for dense deformable template
	estimation},
  journal = jrssb,
  year = {2007},
  volume = {69},
  pages = {3--29},
  number = {1}
}

@ARTICLE{Alpert-96,
  author = {Alpert, N. M. and Berdichevsky, D. and Levin, Z. and Morris, E. D.
	and Fischman, A. J.},
  title = {{Improved Methods for Image Registration}},
  journal = ni,
  year = {1996},
  volume = {3},
  pages = {10--18}
}

@ARTICLE{Alpert-90,
  author = {Alpert, N. M. and Bradshaw, J. F. and Kennedy, D. and Correia, J.
	A.},
  title = {{The Principal Axes Transformation - A Method for Image Registration}},
  journal = jnm,
  year = {1990},
  volume = {31},
  pages = {1717--1722},
  number = {10}
}

@ARTICLE{Amit-96,
  author = {Amit, Y. and Kong, A.},
  title = {Graphical templates for model registration},
  journal = pami,
  year = {1996},
  volume = {18},
  pages = {225--236}
}

@ARTICLE{Ardekani-95,
  author = {Ardekani, B. A. and Braun, M. and Hutton, Brian F. and Kanno, I.
	and Ilida, H.},
  title = {{A Fully Automatic Multimodality Image Registration Algorithm}},
  journal = jcat,
  year = {1995},
  volume = {19},
  pages = {615-623},
  number = {4}
}

@ARTICLE{Arsigny-05,
  author = {Vincent Arsigny and Xavier Pennec and Nicholas Ayache},
  title = {Polyrigid and Polyaffine Transformations: a Novel Geometrical Tool
	to Deal with Non-Rigid Deformations - Application to the registration
	of histological slices},
  journal = media,
  year = {2005},
  volume = {9},
  pages = {507-523},
  number = {6}
}

@article{Arsigny-06,
  title={Log-Euclidean metrics for fast and simple calculus on diffusion tensors},
  author={Arsigny, Vincent and Fillard, Pierre and Pennec, Xavier and Ayache, Nicholas},
  journal={Magnetic resonance in medicine},
  volume={56},
  number={2},
  pages={411--421},
  year={2006}
}


@article{Arsigny-09,
  title={A fast and log-euclidean polyaffine framework for locally
                  linear registration},
  author={Arsigny, Vincent and Commowick, Olivier and Ayache, Nicholas and Pennec, Xavier},
  journal=jmiv,
  volume={33},
  number={2},
  pages={222--238},
  year={2009}
}

@article{Yushkevich-08,
  title={Structure-specific statistical mapping of white matter tracts},
  author={Yushkevich, Paul A and Zhang, Hui and Simon, Tony J and Gee, James C},
  journal=ni,
  volume={41},
  number={2},
  pages={448--461},
  year={2008}
}

@article{Zhang-06,
  title={Deformable registration of diffusion tensor MR images with explicit orientation optimization},
  author={Zhang, Hui and Yushkevich, Paul A and Alexander, Daniel C and Gee, James C},
  journal=media,
  volume={10},
  number={5},
  pages={764--785},
  year={2006}
}

@article{Ashburner-09,
author = {Ashburner, J. and Friston, K.J.},
doi = {10.1016/j.neuroimage.2008.12.008},
issn = {1095-9572},
journal = ni,
number = {2},
pages = {333--41},
pmid = {19146961},
title = {{Computing average shaped tissue probability templates}},
volume = {45},
year = {2009}
}


@article{Ashburner-11,
author = {Ashburner, J. and Friston, K.J.},
doi = {10.1016/j.neuroimage.2010.12.049},
issn = {1095-9572},
journal = ni,
keywords = {Diffeomorphisms,Gauss–Newton optimisation,Geodesic
                  shooting,Nonlinear registration,Shape modelling},
number = {3},
pages = {954--67},
title = {{Diffeomorphic registration using geodesic shooting and
                  Gauss-Newton optimisation}},
volume = {55},
year = {2011}
}


@techreport{Ashburner-10b, 
  author = {{The FIL Methods Group (and honorary members)}},
  title = {{SPM8 Manual}},
  institution = {Wellcome Trust Centre for Neuroimaging},
  address = {London, UK},
  year = {2010}
}

@techreport{Ashburner-10,
  title={{VBM tutorial}},
  author={Ashburner, John},
  institution = {Wellcome Trust Centre for Neuroimaging},
  address = {London, UK},
  year={2010}
}

@ARTICLE{Ashburner-07,
  author = {Ashburner, J.},
  title = {{A fast diffeomorphic image registration algorithm}},
  journal = ni,
  year = {2007},
  volume = {38},
  pages = {95--113},
  number = {1}
}

@ARTICLE{Ashburner-05,
  author = {Ashburner, J. and Friston, K.J.},
  title = {{Unified segmentation}},
  journal = ni,
  year = {2005},
  volume = {26},
  pages = {839--851},
  number = {3}
}

@ARTICLE{Ashburner-97,
  author = {Ashburner, J. and Friston, K.J.},
  title = {{Multimodal Image Coregistration and Partitioning - a
                  Unified Framework}},
  journal = ni,
  year = {1997},
  volume = {6},
  pages = {209--217},
  number = {3}
}

@ARTICLE{Ashburner-00,
  author = {Ashburner, J. and Friston, K.J.},
  title = {{Voxel-Based Morphometry -- The Methods}},
  journal = ni,
  year = {2000},
  volume = 11,
  number = 6,
  pages = {805-–821}
}


@ARTICLE{Ayache-98,
  author = {Ayache, N.},
  title = {{L'analyse des images m\'edicales, \'etat de l'art et perspectives}},
  journal = aip,
  year = {1998},
  volume = {9},
  pages = {13--21},
  note = {Also INRIA Research Report N. 3364}
}

@BOOK{Ayache-91,
  title = {{Artificial Vision for Mobile Robots}},
  publisher = {The MIT Press, Cambridge, MA},
  year = {1991},
  author = {Ayache, N.}
}

@BOOK{Ayache-89,
  title = {Vision st\'er\'eoscopique et perception multisensorielle},
  publisher = {InterEditions, Paris},
  year = {1989},
  author = {Ayache, N.}
}

@ARTICLE{Bach-05,
  author = {Bach Cuadra, M. and Cammoun, L. and Butz, T. and Cuisenaire, O. and
	Thiran, J.-P.},
  title = {Comparison and validation of tissue modelization and statistical
	classification methods in {T1}-weighted {MR} brain images},
  journal = tmi,
  year = {2005},
  volume = {24},
  pages = {1548--1565},
  number = {12}
}

@ARTICLE{Baillet-97,
  author = {Sylvain Baillet and Line Garnero},
  title = {A {B}ayesian approach to introducing Anatomo-functional priors in
	the {EEG/MEG} inverse problem},
  journal = bme,
  year = {1997},
  volume = {44},
  pages = {374--385},
  number = {5},
  month = may
}

@ARTICLE{Baillet-99,
  author = {Sylvain Baillet and Line Garnero and Marin, G. and Hugonin, J.-P.},
  title = {{Combining MEG and EEG Source Imaging by Minimization of Mutual Information}},
  journal = bme,
  year = {1999},
  volume = {46},
  pages = {522--534},
  number = {5},
  month = may
}

@ARTICLE{Bajcsy-89,
  author = {Bajcsy, R. and Kova\v{c}i\v{c}, S.},
  title = {Multi-resolution elastic matching},
  journal = cvgip,
  year = {1989},
  volume = {46},
  pages = {1--21},
  number = {1}
}

@ARTICLE{Bannister-07,
  author = {Bannister, P.R. and Brady, J.M. and Jenkinson, M.},
  title = {{Integrating temporal information with a non-rigid method of motion
	correction for functional magnetic resonance images}},
  journal = ivc,
  year = {2007},
  volume = {25},
  pages = {311--320}
}

@INPROCEEDINGS{Bannister-04,
  author = {Bannister, P.R. and Brady, J.M. and Jenkinson, M.},
  title = {{TIGER - A New Model for Spatio-temporal Realignment of FMRI Data}},
  booktitle = {Computer Vision and Mathematical Methods in Medical and Biomedical
	Image Analysis},
  year = {2004},
  volume = {3117},
  series = lncs,
  pages = {292--303},
  publisher = {Springer Berlin / Heidelberg}
}

@INPROCEEDINGS{Bansal-99,
  author = {Bansal, R. and Staib, L. H. and Chen, Z. and Rangarajan, A. and Knisely,
	J. and Nath, R. and Duncan, J. S.},
  title = {{Entropy--based, Multiple--Portal--to--3DCT Registration for Prostate
	Radiotherapy Using Iteratively Estimated Segmetation}},
  booktitle = miccai,
  year = {1999},
  volume = {1496},
  series = lncs,
  pages = {567--578},
  address = {Cambridge, UK},
  month = sep,
  publisher = springer
}

@INPROCEEDINGS{Bansal-98,
  author = {Bansal, R. and Staib, L. H. and Chen, Z. and Rangarajan, A. and Knisely,
	J. and Nath, R. and Duncan, J. S.},
  title = {{A Novel Approach for the Registration of 2D Portal and 3D CT Images
	for Treatment Setup Verification in Radiotherapy}},
  booktitle = miccai,
  year = {1998},
  volume = {1496},
  series = lncs,
  pages = {1075-1086},
  address = {Cambridge, MA, USA},
  month = oct,
  publisher = springer
}

@article{Bansal-09,
 author = {Bansal, R. and Staib, L. and Laine, A.F. and Xu, D. and Liu, J. and Posecion, L.F. and
                  Peterson, B.S.},
 journal = media,
 number = {2},
 pages = {215--33},
 pmid = {19138877},
 title = {{Calculation of the confidence intervals for transformation
                  parameters in the registration of medical images}},
 volume = {13},
 year = {2009}
}

@ARTICLE{Barber-92,
  author = {D. C. Barber},
  title = {Registration of Low Resolution Medical Images},
  journal = pmb,
  year = {1992},
  volume = {37},
  pages = {1485-1498},
  number = {7}
}


@article{Geman-84,
  author = {Geman, S. and Geman, D.},
  title = {{Stochastic Relaxation, Gibbs Distributions, and the
                  Bayesian Restoration of Images}},
  journal = pami,
  volume = 6,
  number = 6,
  pages = {721--741},
  year = 1984
}


@ARTICLE{Barnea-72,
  author = {Barnea, D.I. and Silverman, H.F.},
  title = {A Class of Algorithms for Fast Digital Image Registration},
  journal = {IEEE Trans. Comput.},
  year = {1972},
  volume = {21},
  pages = {179-186},
  number = {2},
  month = {February}
}

@ARTICLE{Barron-94,
  author = {J. L. Barron and D. J. Fleet and S. S. Beauchemin},
  title = {Performance of Optical Flow Techniques},
  journal = ijcv,
  year = {1994},
  volume = {12},
  pages = {43-77},
  number = {1},
  month = jan
}

@ARTICLE{Besl-92,
  author = {Besl, P. and McKay, N.},
  title = {{A method for registration of 3-D shapes}},
  journal = pami,
  year = {1992},
  volume = {14},
  pages = {239--256},
  number = {2},
  month = feb
}

@BOOK{Blake-87,
  title = {{Visual Reconstruction}},
  publisher = {MIT Press},
  year = {1987},
  author = {Blake, A. and Zisserman, A.}
}

@ARTICLE{Borgefors-88,
  author = {Borgefors, G.},
  title = {{Hierarchical chamfer matching: a parametric edge matching algorithm}},
  journal = pami,
  year = {1988},
  volume = {10},
  pages = {849--865}
}

@ARTICLE{Boykov-01,
  author = {Yuri Boykov and Olga Veksler and Ramin Zabih},
  title = {Fast approximate energy minimization via graph cuts},
  journal = pami,
  year = {2001},
  volume = {23},
  pages = {1222--1239},
  number = {11}
}


@article{Boykov-04,
 author = {Yuri Boykov and Vladimir Kolmogorov},
 title = {{An Experimental Comparison of Min-Cut/Max-Flow Algorithms
                  for Energy Minimization in Vision}}, 
 journal = pami, 
 volume = 26, 
 number = 9,
 pages = {1124--1137},
 year = 2004
}


@INPROCEEDINGS{Brady-87,
  author = {Brady, M.},
  title = {{Seeds of Perception}},
  booktitle = {{Proc. of the 3rd Alvey Vision Conference}},
  year = {1987},
  pages = {259--265},
  address = {Cambridge, UK},
  month = sep,
  publisher = {The University of Sheffield Printing Unit}
}

@ARTICLE{Brady-85,
  author = {Brady, M. and Ponce, J. and Yuille, A. and Asada, H.},
  title = {{Describing Surfaces}},
  journal = {{Computer Vision, Graphics and Image Processing}},
  year = {1985},
  volume = {32},
  pages = {1-28},
  keywords = {surface},
  signature = {*}
}

@INPROCEEDINGS{Bricault-97,
  author = {Bricault, I.},
  title = {{A Fast Morphology-Based Registration}},
  booktitle = cvrmed,
  year = {1997},
  series = lncs,
  pages = {417-426},
  month = mar,
  publisher = springer
}

@INPROCEEDINGS{Bro-Nielsen-97,
  author = {Bro-Nielsen, M.},
  title = {{Rigid Registration of CT, MR and Cryosection Images Using a GLCM
	Frame}work},
  booktitle = cvrmed,
  year = {1997},
  series = lncs,
  pages = {171-180},
  month = mar,
  publisher = springer
}

@PHDTHESIS{Bro-Nielsen-97b,
  author = {Bro-Nielsen, M.},
  title = {{Medical Image Registration and Surgery Simulation}},
  school = {Technical University of Denmark},
  year = {1997}
}

@INPROCEEDINGS{Bro-Nielsen-96,
  author = {M. Bro-Nielsen and C. Gramkow},
  title = {Fast Fluid Registration of Medical Images},
  booktitle = vbc,
  year = {1996},
  editor = {K. H. H{\"o}hne and R. Kikinis},
  volume = {1131},
  series = lncs,
  pages = {267-276},
  address = {Hamburg, Germany},
  publisher = springer
}

@PHDTHESIS{Broit-81,
  author = {Broit, C.},
  title = {Optimal registration of deformed images},
  school = {University of Pennsylvania, Philadelphia},
  year = {1981}
}

@ARTICLE{Brown-92,
  author = {Brown, L. G.},
  title = {{A Survey of Image Registration Techniques}},
  journal = {ACM Computing Surveys},
  year = {1992},
  volume = {24},
  pages = {325-376},
  number = {4}
}

@ARTICLE{Brownrigg-84,
  author = {Brownrigg, D.R.K.},
  title = {The Weighted Median Filter},
  journal = cacm,
  year = {1984},
  volume = {27},
  pages = {807-818},
  number = {8},
  month = {August}
}

@ARTICLE{Brummer-93,
  author = {Brummer, M. E. and Mersereau, R. M. and Eisner, R. L. and Lewine,
	R. R. J.},
  title = {Automatic Detection of Brain Contours in {MRI} Data Sets},
  journal = tmi,
  year = {1993},
  volume = {12},
  pages = {153-166},
  number = {2},
  month = jun
}

@ARTICLE{Brunner-09,
  author = {Brunner, D.O. and De Zanche, N. and Fr\"ohlich, J. and Paska, J.
	and Pruessmann, K.P.},
  title = {{Travelling-wave nuclear magnetic resonance}},
  journal = {Nature},
  year = {2009},
  volume = {457},
  pages = {994--998}
}

@INPROCEEDINGS{Bucholz-97,
  author = {Bucholz, R.D. and Yeh, D.D. and Trobaugh, B.S. and McDurmont, L.L.
	and Sturm, C.D. and Baumann, C. and Henderson, J.M. and Levy, A.
	and Kessman, P.},
  title = {The Correction of Stereotactic Inaccuracy Caused by Brain Shift Using
	an Intraoperative Ultrasound Device},
  booktitle = cvrmed,
  year = {1997},
  editor = {Troccaz J. and Grimson E. and M\"osges R.},
  volume = {1205},
  series = lncs,
  pages = {459--466}
}

@ARTICLE{Buxton-97,
  author = {Buxton, R. and Frank, L.},
  title = {{A model for the coupling between cerebral blood flow and oxygen
	metabolism during neural stimulation}},
  journal = {{Journal of Cerebral Blood Flow and Metabolism}},
  year = {1997},
  volume = {17},
  pages = {64--72},
  number = {1}
}

@ARTICLE{Buzug-98,
  author = {Buzug, T. M. and Weese, J.},
  title = {{Voxel-Based Similarity Measures for Medical Image Registration in
	Radiological Diagnosis and Image Guided Surgery}},
  journal = {Journal of Computing and Information Technology},
  year = {1998},
  pages = {165--179}
}

@INPROCEEDINGS{Buzug-97,
  author = {Buzug, T. M. and Weese, J. and Fassnacht, C. and Lorenz, C.},
  title = {{Image registration: Convex weighting function for histogram-based
	similarity measures}},
  booktitle = cvrmed,
  year = {1997},
  series = lncs,
  pages = {203-212},
  publisher = springer
}

@TECHREPORT{Cachier-01,
  author = {Cachier, P. and Ayache, N.},
  title = {{Regularization in Image Non-Rigid Registration: I. Trade-off between
	Smoothness and Intensity Similarity}},
  institution = inria,
  year = {2001},
  number = {4188}
}

@INPROCEEDINGS{Cachier-01b,
  author = {Pascal Cachier and Jean-Fran\c{c}ois Mangin and Xavier Pennec and
	Denis Rivi\`ere and Dimitri Papadopoulos-Orfanos and Jean R\'egis
	and Nicholas Ayache},
  title = {Multisubject Non-Rigid Registration of Brain {MRI} using Intensity
	and Geometric Features},
  booktitle = miccai,
  year = {2001},
  editor = {W.J. Niessen and M.A. Viergever},
  volume = {2208},
  series = lncs,
  pages = {734--742},
  month = {October}
}

@INPROCEEDINGS{Cachier-00,
  author = {Cachier, P. and Pennec, X.},
  title = {{3D Non-Rigid Registration by Gradient Descent on a Gaussian Weighted
	Similarity Measure Using Convolutions}},
  booktitle = mmbia,
  year = {2000},
  pages = {182--189},
  address = {Hilton Head, USA},
  month = jun,
  publisher = ieee
}

@TECHREPORT{Cachier-99,
  author = {P. Cachier and X. Pennec and N. Ayache},
  title = {Fast Non Rigid Matching by Gradient Descent: Study and Improvements
	of the ``Demons'' Algorithm},
  institution = inria,
  year = {1999},
  number = {3706},
  month = jun
}

@INPROCEEDINGS{Cachier-00b,
  author = {Cachier, P. and Rey, D.},
  title = {{Symmetrization of the Non-Rigid Registration Problem Using Inversion-Invariant
	Energies: Application to Multiple Sclerosis}},
  booktitle = miccai,
  year = {2000},
  editor = {S. Delp and A.M. DiGioia and B. Jaramaz},
  volume = {1935},
  series = lncs,
  pages = {472--481},
  address = {Pittsburgh},
  month = {October 11-14},
  publisher = springer
}

@ARTICLE{Cachier-03,
AUTHOR = {Pascal Cachier and Eric Bardinet and Didier Dormont and Xavier Pennec and Nicholas Ayache},
JOURNAL = cviu,
TITLE = {Iconic Feature Based Nonrigid Registration: The PASHA Algorithm},
YEAR = 2003,
NOTE = {Special Issue on Nonrigid Registration},
NUMBER = {2-3},
PAGES = {272--298},
VOLUME = 89
}



@ARTICLE{Canny-86,
  author = {Canny, J.},
  title = {A computational approach to edge detection},
  journal = pami,
  year = {1986},
  volume = {8},
  pages = {679--698},
  month = nov
}

@PHDTHESIS{Christensen-94,
  author = {Christensen, G. E.},
  title = {Deformable shape models for anatomy},
  school = {Washington University},
  year = {1994}
}

@ARTICLE{Christensen-96,
  author = {G. E. Christensen and R. D. Rabbitt and M. I. Miller},
  title = {Deformable Templates Using Large Deformation Kinematics},
  journal = tmi,
  year = {1996},
  volume = {5},
  pages = {1435-1447},
  number = {10},
  month = oct
}

@ARTICLE{Christensen-94b,
  author = {G. E. Christensen and R. D. Rabbitt and M. I. Miller},
  title = {3D brain mapping using a deformable neuroanatomy},
  journal = {Phys. Med. Biol.},
  year = {1994},
  volume = {39},
  pages = {609--618}
}

@article{Miller-06,
author = {Miller, M.I. and Trouv\'{e}, A. and Younes, L.},
doi = {10.1007/s10851-005-3624-0},
issn = {1573-7683},
journal = jmiv,
number = {2},
pages = {209--228},
pmid = {20613972},
title = {{Geodesic Shooting for Computational Anatomy}},
volume = {24},
year = {2006}
}

@article{Beg-05,
  title={Computing large deformation metric mappings via geodesic
                  flows of diffeomorphisms},
  author={Beg, M Faisal and Miller, Michael I and Trouv{\'e}, Alain
                  and Younes, Laurent},
  journal=ijcv,
  volume={61},
  number={2},
  pages={139--157},
  year={2005}
}

@article{Joshi-00,
  title={Landmark matching via large deformation diffeomorphisms},
  author={Joshi, Sarang C and Miller, Michael I},
  journal=tip,
  volume={9},
  number={8},
  pages={1357--1370},
  year={2000}
}

@ARTICLE{Christmas-95,
  author = {Christmas, W.J. and Kittler, J. and Petrou, M.},
  title = {{Structural Matching in Computer Vision Using Probabilistic Relaxation}},
  journal = pami,
  year = {1995},
  volume = {17},
  pages = {749--764}
}

@article{Baker-04, 
  author = {Baker, S. and Matthews, I.},
  title = {{Lucas-Kanade 20 Years On: A Unifying Framework}},
  journal = ijcv,
  year = 2004,
  volume = 56,
  number = 3, 
  pages = {221--255}
}



@INPROCEEDINGS{Chung-02,
  author = {A. C. S. Chung and W. M. Wells III and A. Norbash and W. E. L. Grimson},
  title = {{Multi-modal Image Registration by Minimising Kullback-Leibler Distance}},
  booktitle = miccai,
  year = {2002},
  volume = {2489},
  series = lncs,
  pages = {525--532},
  address = {Tokyo},
  publisher = springer
}

@TECHREPORT{Ciuciu-02,
  author = {Ciuciu, P. and Poline, J.-B. and Marrelec, G. and Idier, J. and Pallier,
	C. and Benali, H.},
  title = {Unsupervised robust non-parametric estimation of the hemodynamic
	response function in any fMRI experiment},
  institution = {SHFJ/CEA},
  year = {2002},
  address = {Orsay, France},
  month = apr,
  annote = {unaf}
}

@ARTICLE{Cocosco-97,
  author = {C. A. Cocosco and V. Kollokian and R. K.-S. Kwan and A. C. Evans},
  title = {BrainWeb: Online Interface to a 3{D} {MRI} Simulated Brain Database},
  journal = ni # {, } # hbm,
  year = {1997},
  volume = {5},
  pages = {S425},
  number = {4},
  month = may
}

@article{Kwan-99, 
  author = {Kwan, R.K.-S. and Evans, A.C. and Pike, G.B.},
  title = {{MRI simulation-based evaluation of image-processing and classification methods}}, 
  journal = tmi, 
  volume = 18,
  number = 11, 
  pages = {1085-1097}, 
  year = 1999
}

@ARTICLE{Cohen-96,
  author = {Cohen, L. D.},
  title = {{Auxiliary variables and two-step iterative algorithms in computer
	vision problems}},
  journal = jmiv,
  year = {1996},
  volume = {6},
  pages = {59-83},
  number = {1}
}

@INPROCEEDINGS{Collignon-95,
  author = {Collignon, A. and Maes, F. and Delaere, D. and Vandermeulen, D. and
	Suetens, P. and Marchal, G.},
  title = {{Automated multi-modality image registration based on information
	theory}},
  booktitle = ipmi,
  year = {1995},
  editor = {Y. Bizais and C. Barillot},
  pages = {263-274},
  month = jun,
  publisher = kluwer
}

@INPROCEEDINGS{Collignon-95a,
  author = {Collignon, A. and Vandermeulen, D. and Suetens, P. and Marchal, G.},
  title = {{3D multi-modality medical image registration using feature space
	clustering}},
  booktitle = cvrmed,
  year = {1995},
  editor = {N. Ayache},
  volume = {905},
  series = lncs,
  pages = {195-204},
  month = apr,
  publisher = springer
}

@ARTICLE{Collins-97,
  author = {Collins, D. L. and Evans, A. C.},
  title = {{ANIMAL: Validation and Applications of Nonlinear Registration-Based
	Segmentation}},
  journal = {International Journal of Pattern Recognition and Artificial Intelligence},
  year = {1997},
  volume = {11},
  pages = {1271-1294},
  number = {8}
}

@ARTICLE{Collins-94,
  author = {Collins, D. L. and Neelin, P. and Peters, T. M. and Evans, A. C.},
  title = {{Automatic 3D inter-subject registration of MR volumetric data in
	standardized Talairach space}},
  journal = jcat,
  year = {1994},
  volume = {18},
  pages = {192-205}
}

@ARTICLE{Collins-95,
  author = {Collins, D.L. and Holmes, C.J. and Peters, T.M. and Evans, A.C.},
  title = {{Automatic 3-D model-based neuroanatomical segmentation}},
  journal = hbm,
  year = {1995},
  volume = 3,
  pages = {190--208}
}

@ARTICLE{Collins-98,
  author = {D.L. Collins and A.P. Zijdenbos and V. Kollokian and J.G. Sled
	and N.J. Kabani and C.J. Holmes and A.C. Evans},
  title = {Design and Construction of a Realistic Digital Brain Phantom},
  journal = tmi,
  year = {1998},
  volume = {17},
  pages = {463-468},
  number = {3},
  month = jun
}

@ARTICLE{Collins-97b,
  author = {Collins, J.L. and Zijdenbos, A.P. and Kollokian, V. and Sled, J.G.
	and Kabani, N.J. and Holmes, C.J. and Evans, A.C.},
  title = {Design and construction of a realistic digital brain phantom},
  journal = tmi,
  year = {1997},
  volume = {17},
  pages = {463--468},
  number = {3}
}

@article{Aubert-Broche-06, 
  author = {Aubert-Broche, B. and Evans, A.C. and Collins, L.}, 
  title = {A new improved version of the realistic digital brain
                  phantom}, 
  journal = ni,
  volume = 32, 
  number = 1, 
  year = 2006, 
  pages = {138--145}
}

@article{Coupe-10,
 author = {Coup\'e, P. and Manj\'on, J.V. and Fonov, V. and Pruessner,
                  J. and Robles, M. and Collins, D.L.},
 title = {{Patch-based segmentation using expert priors: Application
                  to hippocampus and ventricle segmentation}},
 journal = ni,
 volume = 54,
 year = 2010,
 pages = {940--954}
}

@ARTICLE{Comeau-00,
  author = {Comeau, R.M. and Sadikot, A.F. and Fenster, A. and Peters, T.M.},
  title = {{Intraoperative ultrasound for guidance and tissue shift correction
	in image-guided surgery}},
  journal = mp,
  year = {2000},
  volume = {27},
  pages = {787--800},
  number = {4},
  month = apr
}

@INPROCEEDINGS{Costa-93,
  author = {Costa, W. L. S. and Haynor, D. R and Haralick, R. M. and Lwellen,
	T. K. and Graham, M. M.},
  title = {{A Maximum-Likelihood Approach to PET Emission/Attenuation Image
	Registration}},
  booktitle = {{IEEE Nuclear Science Symposium and Medical Imaging Conference}},
  year = {1993},
  volume = {2},
  pages = {1139-1143},
  address = {San Francisco},
  publisher = ieee,
  date = nov
}

@ARTICLE{Cox-95,
  author = {R.W. Cox and A. Jesmanowicz and J.S. Hyde},
  title = {{Real-Time Functional Magnetic Resonance Imaging}},
  journal = mrm,
  year = {1995},
  volume = {33},
  pages = {230--236}
}

@ARTICLE{Davis-97,
  author = {Davis, M. H. and Khotanzad, A. and Flamig, D. P. and Harms, S. E.},
  title = {{A Physics-Based Coordinate Transformation for 3-D Image Matching}},
  journal = tmi,
  year = {1997},
  volume = {16},
  pages = {317--328},
  number = {3}
}

@INPROCEEDINGS{Dawant-99,
  author = {B. M. Dawant and Hartmann, S. L. and Gadamsetty, S.},
  title = {{Brain Atlas Deformation in the Presence of Large Space-occupying
	Tumors}},
  booktitle = miccai,
  year = {1999},
  volume = {1679},
  series = lncs,
  pages = {589--596},
  month = sep,
  publisher = springer
}

@INPROCEEDINGS{Dawant-98,
  author = {B. M. Dawant and J.-P. Thirion and F. Maes and D. Vandermeulen and
	P. Demaerel},
  title = {Automatic 3{D} Segmentation of Internal Structures of the Head in
	{MR} Images Using a Combination of Similarity and Free Form Transformations},
  booktitle = spiemi,
  year = {1998},
  editor = {K. M. Hanson},
  volume = {3338},
  series = sp,
  pages = {545--554},
  address = {San Diego},
  month = feb,
  publisher = spie
}

@PHDTHESIS{Declerck-97,
  author = {Declerck, J.},
  title = {\'Etude de la dynamique cardiaque par analyse d'images tridimensionnelles},
  school = {Universit\'e de Nice-Sophia Antipolis},
  year = {1997}
}

@INPROCEEDINGS{Deriche-92,
  author = {R. Deriche},
  title = {{R}ecursively {I}mplementing The {G}aussian and {I}ts {D}erivatives},
  booktitle = {Proc. Second International Conference On Image Processing},
  year = {1992},
  pages = {263--267},
  address = {Singapore},
  month = sep
}

@BOOK{Duda-73,
  title = {Pattern classification and scene analysis},
  publisher = {Jonh Wiley \& Sons},
  year = {1973},
  author = {Duda, R. O. and Hart, P. E.}
}

@ARTICLE{Duncan-00,
  author = {Duncan, J. and Ayache, N.},
  title = {Medical Image Analysis: Progress over two decades and the challenges
	ahead},
  journal = pami,
  year = {2000},
  volume = {22},
  pages = {85--106},
  number = {1}
}

@ARTICLE{Dutt-96,
  author = {Dutt, V. and Grenleaf, J. F.},
  title = {{Adaptive Speckle Reduction Filter for Log-Compressed B-Scan Images}},
  journal = tmi,
  year = {1996},
  volume = {15},
  pages = {802-813},
  number = {6},
  month = dec
}

@ARTICLE{Eggert-97,
  author = {D.W. Eggert and A. Lorusso and R.B. Fisher},
  title = {{Estimating 3D Rigid Body transformations: A Comparison of Four Major
	Algorithms}},
  journal = {Machine Vision Applications, Special Issue on Performance Characteristics
	of Vision Algorithms},
  year = {1997},
  volume = {9},
  pages = {272-290},
  number = {5/6}
}

@INPROCEEDINGS{Elsen-94,
  author = {van den Elsen, P. A. and Pol, E.-J. D. and Sumanaweera, T. S. and
	Hemler, P. F. and Napel, S. and Adler, J. R.},
  title = {{Grey value correlation techniques for automatic matching of CT and
	MR brain and spine images}},
  booktitle = {{Visualization in Biomededical Computing}},
  year = {1994},
  volume = {2359},
  series = sp,
  pages = {227-237},
  month = oct,
  publisher = spie
}

@ARTICLE{Elsen-96,
  author = {van den Elsen, P.A. and Maintz, J.B.A. and Viergever, M.A.},
  title = {{Comparison of edge-based and ridge-based registration of CT and
	MR brain images}},
  journal = media,
  year = {1996},
  volume = {1},
  pages = {151--161},
  number = {2}
}

@ARTICLE{Elsen-93,
  author = {van den Elsen, P.A. and Pol, E.J.D. and Viergever, M.A.},
  title = {{Medical Image Matching - A Review with Classification}},
  journal = {IEEE Engineering in Medicine and Biology},
  year = {1993},
  volume = {12},
  pages = {26--39},
  number = {4},
  month = {march}
}

@INPROCEEDINGS{Erbe-96,
  author = {Erbe, H. and Kriete, A. and J\"odicke, A. and Deinsberger, W. and
	B\"oker, D.-K.},
  title = {{3D-Ultrasonography and Image Matching For Detection of Brain Shift
	During Intracranial Surgery}},
  booktitle = {{Applications of Computer Vision in Medical Image Processing}},
  year = {1996},
  volume = {1124},
  series = exmed,
  pages = {225-230},
  publisher = {Elsevier}
}

@BOOK{Faugeras-93,
  title = {{Three-Dimensional Computer Vision}},
  publisher = {The MIT Press},
  year = {1993},
  author = {Faugeras, O.}
}

@PHDTHESIS{Feldmar-94,
  author = {Feldmar, J.},
  title = {Recalage rigide, non rigide et projectif d'images m\'edicales tridimensionnelles},
  school = {\'Ecole Polytechnique},
  year = {1994}
}

@ARTICLE{Feldmar-96,
  author = {Feldmar, J. and Ayache, N.},
  title = {{Rigid, Affine and Locally Affine Registration of Free-Form Surfaces}},
  journal = ijcv,
  year = {1996},
  volume = {18},
  pages = {99-119},
  number = {2},
  month = may
}

@ARTICLE{Feldmar-97,
  author = {Feldmar, J. and Declerck, J. and Malandain, G. and Ayache, N.},
  title = {{Extension of the ICP Algorithm to Non-Rigid Intensity-Based Registration
	of 3D Volumes}},
  journal = cviu,
  year = {1997},
  volume = {66},
  pages = {193--206},
  number = {2},
  month = may,
  rapact = {1997}
}

@ARTICLE{Felzenszwalb-06,
  author = {Felzenszwalb, P.F. and Huttenlocher, D.P.},
  title = {Efficient belief propagation for early vision},
  journal = ijcv,
  year = {2006},
  volume = {70},
  pages = {41--54},
  number = {1}
}

@INPROCEEDINGS{Fernandez-00,
  author = {Fern\'andez-Vidal, S. and Bardinet, E. and Malandain, G. and Damas,
	S. and de la Blanca Capilla, N.P.},
  title = {{Object Representation and Comparison Inferred from Its Medial Axis}},
  booktitle = {{International Conference on Pattern Recognition (ICPR'00)}},
  year = {2000},
  volume = {1},
  pages = {712-715},
  address = {Barcelona, Spain},
  month = sep
}

@ARTICLE{Fessler-98,
  author = {Fessler, J.A.},
  title = {{On the Convergence of Mean Field Procedures for MRFs}},
  journal = tip,
  year = {1998},
  volume = {7},
  pages = {917},
  number = {6}
}

@INPROCEEDINGS{Flandin-02,
  author = {Flandin, G. and Kherif, F. and Pennec, X. and Malandain, G. and Ayache,
	N. and Poline, J.-B.},
  title = {{Improved Detection Sensitivity of Functional MRI Data using a Brain
	Parcelling Technique}},
  booktitle = miccai,
  year = {2002},
  address = {Tokyo},
  notes = {Submitted}
}

@INBOOK{Foley-89,
  chapter = {Knot selection for parametric spline interpolation},
  pages = {261-271},
  title = {{Mathematical Methods in Computer Aided Geometric Design}},
  publisher = ap,
  year = {1989},
  author = {Foley, T. and Nielson, G.}
}

@ARTICLE{Forbes-07,
  author = {Forbes, F. and Fort, G.},
  title = {{Combining Monte Carlo and Mean-Field-Like Methods for Inference
	in Hidden Markov Random Fields}},
  journal = tip,
  year = 2007,
  volume = 16,
  number = 3,
  pages = {824--837}
}


@ARTICLE{Prasad-07,
  author = {Prasad, R. and Srinivas, R. and Srinivas, Y.},
  title = {{Unsupervised Image Segmentation Method based on Finite
                  Generalized Gaussian Distribution with EM \& K-Means
                  Algorithm}},
  journal = {International Journal of Computer Science and Network Security},
  year = 2007,
  volume = 7, 
  number = 4, 
  pages = {317--321}
}


@ARTICLE{Friston-95,
  author = {Friston, K.J. and Ashburner, J. and Poline, J.-B. and Frith, C.D.
	and Heather, J.D. and Frackowiak, R.S.J.},
  title = {{Spatial registration and normalisation of images}},
  journal = hbm,
  year = {1995},
  volume = {3},
  pages = {165-189},
  number = {3}
}

@ARTICLE{Friston-02,
  author = {K.J. Friston and W. Penny and C. Phillips and S. Kiebel and G. Hinton
	and J. Ashburner},
  title = {{Classical and Bayesian Inference in Neuroimaging: Theory}},
  journal = ni,
  year = {2002},
  volume = {16},
  pages = {465--483}
}

@article{Penny-05, 
  author = {Penny, W.D. and Trujillo-Bareto, N. and Friston, K.J.}, 
  title = {{Bayesian fMRI time series analysis with spatial priors}}, 
  journal = ni, 
  volume = 24, 
  number = 2, 
  pages = {350--362}, 
  year = 2005
}

@article{Woolrich-06, 
  author = {Woolrich, M.W. and Behrens, T.E.},
  title = {{Variational Bayes Inference of Spatial Mixture Models for
                  Segmentation}}, 
  journal = tmi, 
  volume = 25, 
  number = 10, 
  pages = {1380--1391}, 
  year = 2006
}


@INPROCEEDINGS{Gaens-98,
  author = {Gaens, T. and Maes, F. and Vandermeulen, D. and Suetens, P.},
  title = {{Non-rigid Multimodal Image Registration Using Mutual Information}},
  booktitle = miccai,
  year = {1998},
  volume = {1496},
  series = lncs,
  pages = {1099-1106},
  month = oct,
  publisher = springer,
  adddress = {Cambridge, MA, USA}
}

@ARTICLE{Gee-93,
  author = {Gee, J.C. and Reivicj, M. and Bajcsy, R.},
  title = {Elasticity deforming 3d atlas to match anatomical brain images},
  journal = jcat,
  year = {1993},
  volume = {17},
  pages = {225-236},
  number = {2}
}

@ARTICLE{Gembris-00,
  author = {D. Gembris and J.G. Taylor and S. Schor and W. Frings and D. Suter
	and S. Posse},
  title = {{Functional Magnetic Resonance Imaging in Real Time (FIRE): Sliding-Window
	Correlation Analysis and Reference-Vector Optimization}},
  journal = mrm,
  year = {2000},
  volume = {43},
  pages = {259--268}
}

@ARTICLE{Gerig-92,
  author = {Gerig, G. and K\"ubler, O. and Kikinis, R. and Jolesz, F. A.},
  title = {{Nonlinear Anisotropic Filtering of MRI Data}},
  journal = tmi,
  year = {1992},
  volume = {11},
  pages = {221-231},
  number = {2},
  month = jul
}

@ARTICLE{Glasbey-01,
  author = {C. A. Glasbey and K. V. Mardia},
  title = {{A penalized likelihood approach to image warping}},
  journal = jrssb,
  year = {2001},
  volume = {63},
  pages = {465-492},
  number = {3}
}

@INPROCEEDINGS{Gobbi-99,
  author = {Gobbi, D.G. and Comeau, R.M. and Peters, T.M.},
  title = {Ultrasound Probe Tracking for Real-Time Ultrasound/{MRI} Overlay
	and Visualization of Brain Shift},
  booktitle = miccai,
  year = {1999},
  volume = {1679},
  series = lncs,
  pages = {920--927}
}

@ARTICLE{Guillemaud-97,
  author = {Guillemaud, R. and Brady, M.},
  title = {{Estimating the Bias Field of MR Images}},
  journal = tmi,
  year = {1997},
  volume = {16},
  pages = {238-251},
  number = {3},
  month = jun
}

@PHDTHESIS{Guimond-99,
  author = {Alexandre Guimond},
  title = {Construction et utilisation de mod\`eles anatomiques},
  school = {Universit\'e de Montr\'eal / Universit\'e de Nice - Sophia Antipolis},
  year = {1999},
  month = dec
}

@INPROCEEDINGS{Hata-94,
  author = {Hata, N. and Suzuki, M. and Dohi, T. and Iseki, H. and Takakura,
	K. and Hashimoto, D.},
  title = {{Registration of Ultrasound echography for Intraoperative Use: A
	Newly Developed Multiproperty Method}},
  booktitle = {{Visualization in Biomedical Computing}},
  year = {1994},
  volume = {2359},
  series = sp,
  pages = {252-259},
  address = {Rochester, MN, USA},
  month = oct,
  publisher = spie
}

@ARTICLE{Hayton-99,
  author = {Hayton, P. M. and Brady, M. and Smith, S. M. and Moore, N.},
  title = {{A non-rigid registration algorithm for dynamic breast MR images}},
  journal = ai,
  year = {1999},
  volume = {114},
  pages = {125--156},
  number = {1-2}
}

@PHDTHESIS{Hellier-00b,
  author = {Pierre Hellier},
  title = {Recalage non rigide en imagerie m\'edicale : m\'ethodes et validation},
  school = {Universit\'e Rennes I},
  year = {2000},
  month = dec
}

@INPROCEEDINGS{Hellier-00,
  author = {Hellier, P. and Barillot, C.},
  title = {{Multimodal non-rigid warping for correction of distortions in functional
	MRI}},
  booktitle = miccai,
  year = {2000},
  volume = {1935},
  series = lncs,
  pages = {512--520},
  address = {Pittsburgh},
  month = oct,
  publisher = springer
}

@INPROCEEDINGS{Hellier-01b,
  author = {Hellier, P. and Barillot, C. and Corouge, I. and Gibaud, B. and Le
	Goualher, G. and Collins, L. and Evans, A. and Malandain, G. and
	Ayache, N.},
  title = {{Retrospective evaluation of inter-subject brain registration}},
  booktitle = miccai,
  year = {2001},
  volume = {2208},
  series = lncs,
  pages = {948--956},
  address = {Utrecht, NL},
  month = oct,
  publisher = springer
}

@ARTICLE{Hellier-03,
  author = {Hellier, P. and Barillot, C. and Corouge, I. and Gibaud, B. and Le
	Goualher, G. and Collins, L. and Evans, A. and Malandain, G. and
	Ayache, N. and Christensen, G.E. and Johnson, H.J.},
  title = {{Retrospective evaluation of inter-subject brain registration}},
  journal = tmi,
  year = {2003},
  volume = {22},
  pages = {1120--1130},
  number = {9}
}

@INPROCEEDINGS{Hellier-99,
  author = {Hellier, P. and Barillot, C. and M\'emin, E. and P\'erez, P.},
  title = {{Medical Image Registration with Roust Multigrid Techniques}},
  booktitle = miccai,
  year = {1999},
  volume = {1679},
  series = lncs,
  pages = {680-687},
  address = {Cambridge, UK},
  month = sep,
  publisher = springer
}

@article{Klein-08,
 author = {Klein, Arno and Andersson, Jesper and Ardekani, Babak A and
                  Ashburner, John and Avants, Brian and Chiang,
                  Ming-chang and Christensen, Gary E and Collins,
                  Louis D and Gee, James and Hellier, Pierre and Hyun,
                  Joo and Jenkinson, Mark and Lepage, Claude and
                  Rueckert, Daniel and Thompson, Paul and Vercauteren,
                  Tom and Woods, Roger P and Mann, J John and Parsey,
                  Ramin V},
 doi = {10.1016/j.neuroimage.2008.12.037},
 issn = {1053-8119},
 journal = ni,
 title = {{Evaluation of 14 nonlinear deformation algorithms applied to
                  human brain}},
 year = {2008},
 volume = 46,
 number = 3,
 pages = {786--802}
}

@article{Vercauteren-09,
 author = {Tom Vercauteren and Xavier Pennec and Aymeric Perchant and
                  Nicholas Ayache},
 title = {{Diffeomorphic Demons: Efficient Non-parametric Image
                  Registration}},
 journal = ni,
 year = {2009},
 volume = 45,
 number = 1,
 pages = {S61--S72}
}


@inproceedings{Cahill-09,
  author    = {Cahill, N.D. and Noble, J.A. and Hawkes, D.J.},
  title     = {{A Demons algorithm for image registration with locally
                  adaptive regularization}},
  booktitle = miccai,
  volume = 5761,
  series = lncs,
  year = 2009,
  pages = {574--581}
}

@INPROCEEDINGS{Chefdhotel-02, 
author = {Chefd'hotel, C. and Hermosillo, G. and Faugeras, O.}, 
booktitle = {Proc. IEEE International Symposium on Biomedical Imaging}, 
title = {{Flows of diffeomorphisms for multimodal image registration}}, 
pages = {753--756}, 
doi = {10.1109/ISBI.2002.1029367},
year = 2002
}

@TECHREPORT{Hermosillo-01,
  author = {Hermosillo, G. and Chefd'Hotel, C. and Faugeras, O.},
  title = {{A Variational Approach to Multi-Modal Image Matching}},
  institution = inria,
  year = {2001},
  number = {4117}
}

@article{Hermosillo-02,
  author = {Hermosillo, G. and Chefd'Hotel, C. and Faugeras, O.},
  title = {{Variational Methods for Multimodal Image Matching}},
  journal = ijcv,
  year = {2002},
  volume = 50,
  number = 3,
  pages = {329--343}
}


@ARTICLE{Hill-01,
  author = {Hill, D.L. and Batchelor, P.G. and Holden, M. and Hawkes, D.J.},
  title = {{Medical Image Registration}},
  journal = {Physics in Medicine and Biology},
  year = {2001},
  volume = {46},
  pages = {1--45}
}

@INPROCEEDINGS{Hill-93,
  author = {Hill, D.L.G. and Hawkes, D.J. and Harrison, N. and Ruff, C.F.},
  title = {{A strategy for automated multimodality registration incorporating
	anatomical knowledge and imager characteristics}},
  booktitle = ipmi,
  year = {1993},
  volume = {687},
  series = lncs,
  pages = {182-196},
  address = {Berlin, Germany},
  publisher = springer
}

@INPROCEEDINGS{Hill-94,
  author = {Hill, D.L.G. and Studholme, C. and Hawkes, D.J.},
  title = {{Voxel similarity measures for automated image registration}},
  booktitle = {{Visualization in Biomedical Computing}},
  year = {1994},
  volume = {2359},
  series = sp,
  pages = {205-216},
  month = oct,
  publisher = spie
}

@ARTICLE{Hill-94b,
  author = {Hill, D. L. G. and Hawkes, D. J.},
  title = {Medical image registration using voxel similarity measures},
  journal = {AAAI Sping Symposium Series: Applications of Comp. Vision in Med.
	Im. Proces.},
  year = {1994},
  pages = {34--37}
}

@ARTICLE{Horn-81,
  author = {B.K.P. Horn and B.G. Schunck},
  title = {Determining Optical Flow},
  journal = ai,
  year = {1981},
  volume = {17},
  pages = {185-203},
  month = aug
}

@BOOK{Hosaka-92,
  title = {{Modeling of Curves and Surfaces in CAD/CAM}},
  publisher = springer,
  year = {1992},
  author = {Hosaka, M.},
  keywords = {differential},
  signature = {**}
}

@ARTICLE{Huttenlocher-93,
  author = {Huttenlocher, D.P. and Klauderman, G.A. and Rucklidge, W.J.},
  title = {Comparing images using the Hausdorff-distance},
  journal = pami,
  year = {1993},
  volume = {15},
  pages = {850-863}
}

@INPROCEEDINGS{Ionescu-99,
  author = {Ionescu, G. and Lavall\'ee, S. and Demongeot, J.},
  title = {{Automated Registration of Ultrasound with CT Images: Application
	to Computer Assisted Prostate Radiotherapy and Orthopedics}},
  booktitle = miccai,
  year = {1999},
  volume = {1679},
  series = lncs,
  pages = {768-777},
  address = {Cambridge, UK},
  month = sep,
  publisher = springer
}

@ARTICLE{Jain-81,
  author = {A.~K. Jain},
  title = {Image Data Compression: {A} Review},
  journal = {Proceedings of the IEEE},
  year = {1981},
  volume = {69},
  pages = {349--389}
}

@ARTICLE{Jenkinson-02,
  author = {Jenkinson, M. and Bannister, P. and Brady, J. M. and Smith, S. M.},
  title = {{Improved Optimisation for the Robust and Accurate Linear Registration
	and Motion Correction of Brain Images}},
  journal = ni,
  year = {2002},
  volume = {17},
  pages = {825-841},
  number = {2}
}

@INPROCEEDINGS{Jenkinson-99,
  author = {Jenkinson, M. and Smith, S.},
  title = {An investigation of the robustness of registration methods},
  booktitle = wbir,
  year = {1999},
  editor = {F. Pernus and S. Kova\v{c}i\v{c} and H.S. Stiehl and M.A. Viergever},
  pages = {200--210},
  month = aug
}

@ARTICLE{Jenkinson-01,
  author = {Jenkinson, M. and Smith, S.},
  title = {{Gloal Optimisation for Robust Affine Registration}},
  journal = media,
  year = {2001},
  volume = {5},
  pages = {143--156},
  number = {2}
}

@ARTICLE{Jenkinson-00,
  author = {Jenkinson, M. and Smith, S.},
  title = {{Global Optimisation for Robust Affine Registration}},
  journal = ni,
  year = {2000},
  note = {Submitted.}
}

@PHDTHESIS{Kapur-99,
  author = {Kapur, T.},
  title = {{Model based three dimensional Medical Image Segmentation}},
  school = {Massachusetts Institute of Technology},
  year = {1999}
}

@ARTICLE{Karacali-04,
  author = {Kara\c{c}ali, B. and Davatzikos},
  title = {{Estimating Topology Preserving and Smooth Displacement Fields}},
  journal = tmi,
  year = {2004},
  volume = {23},
  pages = {868--880},
  number = {7}
}

@INPROCEEDINGS{King-00,
  author = {King, A. and Blackall, J. and Penney, G. and Edwards, P. and Hill,
	D. and Hawkes, D.},
  title = {{Bayesian Estimation of Intra-operative Deformation for Image-Guided
	Surgery Using 3-D Ultrasound}},
  booktitle = miccai,
  year = {2000},
  editor = {S. Delp and A.M. DiGioia and B. Jaramaz},
  volume = {1935},
  series = lncs,
  pages = {588--597},
  address = {Pittsburgh},
  month = {October 11-14},
  publisher = springer
}

@ARTICLE{Kolmogorov-06,
  author = {Kolmogorov, V.},
  title = {{Convergent tree-reweighted message passing for energy minimization}},
  journal = pami,
  year = {2006},
  volume = {28},
  pages = {1568--1583},
  number = {10}
}

@TECHREPORT{Krissian-96,
  author = {Krissian, K. and Malandain, G. and Ayache, N.},
  title = {{Directional Anisotropic Diffusion applied to segmentation of vessels
	in 3D images}},
  institution = inria,
  year = {1996},
  number = {3064}
}

@INPROCEEDINGS{Kruggel-95,
  author = {Kruggel, F. and Bartenstein, P.},
  title = {{Automatical registration of brain volume datasets}},
  booktitle = ipmi,
  year = {1995},
  editor = {Y. Bizais and C. Barillot},
  pages = {389-390},
  month = jun,
  publisher = kluwer
}

@INPROCEEDINGS{Kwan-96,
  author = {R. K.-S. Kwan and A. C. Evans and G. B. Pike},
  title = {An Extensible {MRI} Simulator for Post-Processing Evaluation},
  booktitle = vbc,
  year = {1996},
  editor = {K. H. H{\"o}hne and R. Kikinis},
  volume = {1131},
  series = lncs,
  pages = {135-140},
  address = {Hamburg, Germany},
  publisher = springer
}

@INPROCEEDINGS{Kybic-99,
  author = {Kybic, J. and Th\'evenaz, P. and Unser, M.},
  title = {Multiresolution spline warping for EPI registration},
  booktitle = {Wavelet Applications in Signal and Image Processing},
  year = {1999},
  volume = {3813},
  pages = {571--579},
  address = {Denver},
  organization = spie,
  date = jul
}

@TECHREPORT{Lan-95,
  author = {Lan, Z.-D. and Mohr, R.},
  title = {{Robust Matching by Partial Correlation}},
  institution = inria,
  year = {1995},
  number = {2643},
  note = {{Electronic version: http://www.inria.fr/RRRT/RR-2643.html}}
}

@INPROCEEDINGS{Lau-99,
  author = {Lau, Y.H. and Braun, M. and Hutton, B.F.},
  title = {Non-rigid 3d image registration using regionally constrained matching
	and the correlation ratio},
  booktitle = wbir,
  year = {1999},
  editor = {F. Pernus and S. Kova\v{c}i\v{c} and H.S. Stiehl and M.A. Viergever},
  pages = {137--148},
  month = aug
}

@INCOLLECTION{Lavallee-95,
  author = {Lavall\'ee, S.},
  title = {Registration for Computer Integrated Surgery: methodology, state
	of the art},
  booktitle = {Computer Integrated Surgery},
  publisher = {MIT Press},
  year = {1995},
  editor = {R. Taylor and S. Lavall\'ee and G. Burdea and R. Moesges},
  pages = {77--97}
}

@PHDTHESIS{Lester-99,
  author = {Lester, H.},
  title = {Non-linear registration of medical images},
  school = {University of London, UK},
  year = {1999}
}

@ARTICLE{Lester-99b,
  author = {Lester, H. and Arridge, S.R.},
  title = {{A survey of hierarchical non-linear medical image registration}},
  journal = pr,
  year = {1999},
  volume = {32},
  pages = {129--149}
}

@INPROCEEDINGS{Leventon-98,
  author = {Leventon, M. E. and Grimson, W. E. L.},
  title = {{Multi-modal Volume Registration Using Joint Intensity Distributions}},
  booktitle = miccai,
  year = {1998},
  volume = {1496},
  series = lncs,
  pages = {1057-1066},
  address = {Cambridge, MA, USA},
  month = oct,
  publisher = springer
}

@BOOK{Li-95,
  title = {Markov random field modeling in computer vision},
  publisher = {Springer},
  year = {1995},
  author = {Li, S. Z.},
  address = {Tokyo, New-York, Berlin}
}

@ARTICLE{Liang-09,
  author = {Liang, Z. and Wang, S.},
  title = {{An EM Approach to MAP Solution of Segmenting Tissue Mixtures: A
	Numerical Analysis}},
  journal = tmi,
  year = {2009},
  volume = {28},
  pages = {297--310},
  number = {2}
}

@ARTICLE{Likar-00,
  author = {Likar, B. and Pernus, F.},
  title = {{A Hierarchical Approach to Elastic Registration Based on Mutual
	Information}},
  journal = ivc,
  year = {2000},
  volume = {19},
  pages = {33-44},
  number = {1-2},
  month = dec
}

@ARTICLE{Logothetis-01,
  author = {Logothetis, N.K. and Pauls, J. and Augath, M.A. and Trinath, T. and
	Oeltermann, A.},
  title = {{Neurophysiological Investigation of the Basis of the fMRI signal}},
  journal = nature,
  year = {2001},
  volume = {412},
  pages = {150--157}
}

@ARTICLE{Loupas-89,
  author = {Loupas, T. and McDicken, W.N. and Allan, P.},
  title = {{An Adaptive Weighted Median Filter for Speckle Suppression in Medical
	Ultrasonic Images}},
  journal = {IEEE Transactions on Circuits Systems},
  year = {1989},
  volume = {36},
  pages = {802-813},
  number = {1},
  month = jan
}

@ARTICLE{Memin-98,
  author = {M\'emin, E. and P\'erez, P.},
  title = {Optical flow estimation and object-based segmentation with robust
	techniques},
  journal = tip,
  year = {1998},
  volume = {7},
  pages = {703--719},
  number = {5},
  month = may
}

@PHDTHESIS{Maes-98,
  author = {Frederik Maes},
  title = {{Segmentation and Registration of Multimodal Medical Images: from
	Theory, Implementation and Validation to a Useful Tool in Clinical
	Practice}},
  school = {Katholieke Univeristeit Leuven, Belgium},
  year = {1998},
  month = may
}

@ARTICLE{Maes-97,
  author = {Maes, F. and Collignon, A. and Vandermeulen, D. and Marchal, G. and
	Suetens, P.},
  title = {{Multimodality Image Registration by Maximization of Mutual Information}},
  journal = tmi,
  year = {1997},
  volume = {16},
  pages = {187-198},
  number = {2}
}

@ARTICLE{Maes-99,
  author = {Maes, F. and Vandermeulen, D. and Suetens, P.},
  title = {{Comparative evaluation of multiresolution optimization strategies
	for multimodality image registration by maximization of mutual information}},
  journal = media,
  year = {1999},
  volume = {3},
  pages = {373-386},
  number = {4}
}

@INPROCEEDINGS{Maintz-98b,
  author = {J. B. A. Maintz and E. H. W. Meijering and M. A. Viergever},
  title = {General Multimodal Elastic Registration Based on Mutual Information},
  booktitle = spiemi,
  year = {1998},
  editor = {K. M. Hanson},
  volume = {3338},
  series = sp,
  pages = {144-154},
  address = {Bellingham, WA, USA},
  month = apr,
  publisher = spie
}

@ARTICLE{Maintz-98,
  author = {Maintz, J. B. A. and Viergever, M. A.},
  title = {A survey of medical image registration},
  journal = media,
  year = {1998},
  volume = {2},
  pages = {1-36},
  number = {1}
}

@INPROCEEDINGS{Malandain-94,
  author = {Malandain, G. and Fern\'andez-Vidal, S. and Rocchisani, J.C.},
  title = {{Improving registration of 3-D images using a mechanical based method
	}},
  booktitle = eccv,
  year = {1994},
  series = lncs,
  pages = {131-136},
  month = may,
  publisher = springer
}

@BOOK{Mallat-98,
  title = {{A Wavelet Tour of Signal Processing}},
  publisher = ap,
  year = {1998},
  author = {Mallat, S.}
}

@ARTICLE{Mangin-95,
  author = {Mangin, J.F. and Frouin, V. and Bloch, I. and R\'egis, J. and L\'opez-Krahe,
	J.},
  title = {From 3D magnetic resonance images to structural representations of
	the cortex topography using topology preserving deformations},
  journal = jmiv,
  year = {1995},
  volume = {5},
  pages = {297--318},
  number = {4}
}

@PHDTHESIS{Mangin-95b,
  author = {Mangin, J.-F.},
  title = {Mise en correspondance d'images m\'edicales 3D multi-modalit\'es
	multi-individus pour la corr\'elation anatomo-fonctionnelle},
  school = {\'Ecole Nationale Sup\'erieure des T\'el\'ecommunications, Paris},
  year = {1995},
  month = mar
}

@ARTICLE{Marroquin-01,
  author = {Marroquin, J.L. and Velasco, F.A. Riviera, M. and Nakamura, M.},
  title = {{Gauss-Markov Measure Field Models for Low-Level Vision}},
  journal = pami,
  year = 2003,
  volume = 23,
  number = 4,
  pages = {337--348}
}

@ARTICLE{Marroquin-02,
  author = {Marroquin, J.L. and Vemuri, B.C. and Botello, S. and
                  Calderon, F. and Fernandez-Bouzas, A.},
  title = {{An Accurate and Efficient Bayesian Method for Automatic
                  Segmentation of Brain MRI}},
  journal = tmi,
  year = 2002,
  volume = 21,
  number = 8,
  pages = {934--945}
}

@ARTICLE{Marroquin-03,
  author = {Marroquin, J.L. and Santana, E.A. and Botello, S.},
  title = {{Hidden Markov measure field models for image segmentation}},
  journal = pami,
  year = {2003},
  volume = {25},
  pages = {1380--1387},
  number = {11}
}

@ARTICLE{Marsland-08,
  author = {Marsland, S. and Twining, C.J. and Taylor, C.J.},
  title = {{A Minimum Description Length Objective Function for Groupwise Non-Rigid
	Image Registration}},
  journal = ivc,
  year = {2008},
  volume = {26},
  pages = {333--346},
  number = {3}
}

@INPROCEEDINGS{Mattout-00,
  author = {Mattout, J. and Garnero, L. and Gavit, L. and Benali, H.},
  title = {{Functional MRI derived priors for solving the EEG/MEG inverse problem}},
  booktitle = {12th } # biomag,
  year = {2000},
  pages = {-},
  address = {Helsinki, Finlande},
  month = aug
}

@ARTICLE{McGillem-76,
  author = {McGillem, C. D. and Svedlow, M.},
  title = {{Image Registration Error Variance as a Measure of Overlay Quality}},
  journal = {IEEE Transactions on Geoscience Electronics},
  year = {1976},
  volume = {4},
  pages = {44-49},
  number = {1}
}

@ARTICLE{Meer-91,
  author = {Meer, P. and Mintz, D. and Kim, D. Y. and Rosenfeld, A.},
  title = {{Robust Regression Methods in Computer Vision: A review.}},
  journal = ijcv,
  year = {1991},
  volume = {6},
  pages = {59-70}
}

@ARTICLE{Meer-00,
  author = {Meer, P. and Stewart, C. V. and Tyler, D. E.},
  title = {{Robust Computer Vision: An Interdisciplinary Challenge}},
  journal = cviu,
  year = {2000},
  volume = {78},
  pages = {1--7},
  number = {1}
}

@INPROCEEDINGS{Meijering-99,
  author = {Meijering, E. H. W. and Niessen, W. J. and Pluim, J. P. W. and Viergever,
	M. A.},
  title = {{Quantitative Comparison of Sinc-Approximating Kernels for Medical
	Image Interpolation}},
  booktitle = miccai,
  year = {1999},
  volume = {1679},
  series = lncs,
  pages = {210--217},
  address = {Cambridge, UK},
  month = sep,
  publisher = springer
}

@INPROCEEDINGS{Meyer-99,
  author = {Meyer, C. R. and Boes, J. L. and Kim, B. and Bland, P. H.},
  title = {{Probabilistic Brain Atlas Construction: Thin-Plate Spline Warping
	via Maximization of Mutual Information}},
  booktitle = miccai,
  year = {1999},
  volume = {1679},
  series = lncs,
  pages = {631-637},
  address = {Cambridge, UK},
  month = sep,
  publisher = springer
}

@INPROCEEDINGS{Meyer-98,
  author = {Meyer, C. R. and Boes, J. L. and Kim, B. and Bland, P. H.},
  title = {{Evaluation of Control Point Selection in Automatic Mutual Information
	Driven, 3D Warping}},
  booktitle = miccai,
  year = {1998},
  volume = {1496},
  series = lncs,
  pages = {944-951},
  address = {Cambridge, MA, USA},
  month = oct,
  publisher = springer
}

@ARTICLE{Meyer-97,
  author = {Meyer, C. R. and Boes, J. L. and Kim, B. and Bland, P. H. and Zasadny,
	K. R. and Kison, P. V. and Koral, K. and Frey, K. A. and Wahl, R.
	L.},
  title = {Demonstration of accuracy and clinical versatility of mutual information
	for automatic multimodality image fusion using affine and thin-plate
	warped geometric deformations},
  journal = media,
  year = {1997},
  volume = {1},
  pages = {195-206},
  number = {3}
}

@ARTICLE{Monga-91,
  author = {Monga, O. and Deriche, R. and Malandain, G. and Cocquerez, J.-P.},
  title = {Recursive filtering and edge tracking: two primary tools for {3-D}
	edge detection},
  journal = ivc,
  year = {1991},
  volume = {9},
  pages = {203--214},
  number = {4},
  month = aug
}

@PHDTHESIS{Montagnat-99,
  author = {Montagnat, J.},
  title = {{Mod\`eles d\'eformables pour la segmentation et la mod\'elisation
	d'images m\'edicales 3D et 4D}},
  school = {Universit\'e de Nice-Sophia Antipolis},
  year = {1999},
  month = dec
}

@BOOK{Moreau-95,
  title = {{Techniques de compression des signaux}},
  publisher = {Masson},
  year = {1995},
  author = {Moreau, N.},
  address = {Paris Milan Barcelone}
}

@INPROCEEDINGS{Mort-88,
  author = {Mort, M. S. and Srinath, M. D.},
  title = {{Maximum Likelihood Image Registration with Subpixel Accuracy}},
  booktitle = {Applications of digital Image Processing XI},
  year = {1988},
  volume = {974},
  series = sp,
  pages = {38-45},
  address = {San Diego},
  month = aug,
  publisher = spie
}

@PHDTHESIS{Mulet-00,
  author = {Mulet-Parada, M.},
  title = {{Intensity independent feature extraction and tracking in echocardiographic
	sequences}},
  school = {University of Oxford, UK},
  year = {2000}
}

@ARTICLE{Narayana-88,
  author = {P.A. Narayana and W.W. Brey and M.V. Kulkarni and C.L. Sievenpiper},
  title = {{Compensation for surface coil sensitivity variation in magnetic
	resonance imaging}},
  journal = mri,
  year = {1988},
  volume = {6},
  pages = {271--274}
}

@PHDTHESIS{Nikou-99b,
  author = {Christophoros Nikou},
  title = {Contributions au recalage d'images m\'edicales multimodales: approches
	par fonctions de similarit\'e robustes et mod\`eles d\'eformables
	sous contraintes statistiques},
  school = {Universit\'e Louis Pasteur - Strasbourg I},
  year = {1999},
  month = may
}

@ARTICLE{Nikou-99,
  author = {Nikou, C. and Heitz, F. and Armspach, J.P.},
  title = {Robust voxel similarity metrics for the registration of dissimilar
	single and multimodal images},
  journal = pr,
  year = {1999},
  volume = {32},
  pages = {1351--1368},
  number = {8}
}

@INPROCEEDINGS{Nikou-98,
  author = {Nikou, C. and Heitz, F. and Armspach, J.-P. and Namer, I.-J.},
  title = {{Single and multimodal subvoxel registration of dissimilar medical
	images using robust similarity measures}},
  booktitle = spiemi,
  year = {1998},
  volume = {3338},
  series = sp,
  pages = {167-178},
  month = apr,
  publisher = spie
}

@ARTICLE{Oakes-05,
  author = {Oakes, T.R. and Johnstone, T. and Ores Walsh, K.S. and Greischar,
	L.L. and Alexander, A.L. and Fox, A.S. and Davidson, R.J.},
  title = {{Comparison of fMRI motion correction software tools}},
  journal = ni,
  year = {2005},
  volume = {28},
  pages = {529--543}
}

@ARTICLE{Pagoulatos-99,
  author = {Pagoulatos, N. and Edwards, W.S. and Haynor, D.R. and Kim, Y.},
  title = {{Interactive 3-D Registration of Ultrasound and Magnetic Resonance
	Images Based on a Magnetic Position Sensor}},
  journal = titb,
  year = {1999},
  volume = {3},
  pages = {278--288},
  number = {4},
  month = dec
}

@INPROCEEDINGS{Pajdla-95,
  author = {Pajdla, T. and Van Gool, L.},
  title = {{Matching of 3-D Curves using Semi-differential Invariants}},
  booktitle = {{International Conference on Computer Vision}},
  year = {1995},
  pages = {390-395},
  address = {Cambridge, MA, USA},
  month = jun,
  keywords = {curves, lines, differential, matching},
  signature = {***}
}

@ARTICLE{Pelizzari-89,
  author = {C. Pelizzari and G. Chen and D. Spelbring and R. Weichselbaum and
	C. Chen},
  title = {{Accurate three-dimensional registration of CT,PET and/or MR images
	of the brain}},
  journal = jcat,
  year = {1989},
  volume = {13},
  number = {20}
}

@TECHREPORT{Pennec-98b,
  author = {Pennec, X.},
  title = {Computing the mean of geometric features - Application to the mean
	rotation},
  institution = inria,
  year = {1998},
  number = {3371},
  month = mar
}

@ARTICLE{Pennec-98c,
  author = {Xavier Pennec},
  title = {Toward a generic framework for recognition based on
                  uncertain geometric features},
  journal = {Videre: Journal of Computer Vision Research},
  year = {1998},
  volume = {1},
  pages = {58--87},
  number = {2},
  keywords = {registration, matching, uncertainty}
}

@PHDTHESIS{Pennec-96,
  author = {Pennec, X.},
  title = {L'incertitude dans les probl\`emes de reconnaissance et de recalage.
	Application en imagerie m\'edicale et biologie mol\'eculaire},
  school = {\'Ecole Polytechnique},
  year = {1996}
}

@incollection{Wager-07, 
  author = {Wager, T.D. and Hernandez, L. and Jonides, J. and Lindquist, M.}, 
  title = {Elements of functional neuroimaging},
  booktitle = {Handbook of Psychophysiology},
  editor = {Cacioppo, J.T. and Tassinary, L.G. and Berntson, G.G.},
  year = 2007, 
  edition = {4th}, 
  pages = {19--55}, 
  publisher = {Cambridge University Press}
}

@INCOLLECTION{Pennec-00,
  author = {Pennec, X. and Ayache, N. and Thirion, J.P.},
  title = {Chap. 31: Landmark-based registration using features identified through
	differential geometry},
  booktitle = {Handbook of Medical Imaging},
  publisher = ap,
  year = {2000},
  editor = {I. Bankman},
  pages = {499--513},
  month = sep
}

@INPROCEEDINGS{Pennec-99,
  author = {X. Pennec and P. Cachier and N. Ayache},
  title = {Understanding the ``Demon's Algorithm'': 3D Non-Rigid registration
	by Gradient Descent},
  booktitle = miccai,
  year = {1999},
  volume = {1679},
  series = lncs,
  pages = {597-605},
  publisher = springer
}

@INPROCEEDINGS{Pennec-98,
  author = {Pennec, X. and Guttmann, C.R.G. and Thirion, J.P.},
  title = {Feature-based Registration of Medical Images: Estimation
                  and Validation of the Pose Accuracy},
  booktitle = miccai,
  year = {1998},
  number = {1496},
  series = lncs,
  pages = {1107--1114},
  address = {Cambridge, MA, USA},
  month = oct,
  publisher = springer
}

@ARTICLE{Pennec-97,
  author = {Pennec, X. and Thirion, J.P.},
  title = {A Framework for Uncertainty and Validation of 3{D} Registration Methods
	based on Points and Frames},
  journal = {Int. Journal of Computer Vision},
  year = {1997},
  volume = {25},
  pages = {203--229},
  number = {3}
}

@INPROCEEDINGS{Penney-98,
  author = {Penney, G. P. and Weese, J. and Little, J. A. and Desmedt, P. and
	Hill, D. L. G. and Hawkes, D. J.},
  title = {{A Comparison of Similarity Measures for Use in 2D-3D Medical Image
	Registration}},
  booktitle = miccai,
  year = {1998},
  volume = {1496},
  series = lncs,
  pages = {1153-1161},
  address = {Cambridge, MA, USA},
  month = oct,
  publisher = springer
}

@ARTICLE{Penny-03,
  author = {W.D. Penny and S. Kiebel and K.J. Friston},
  title = {{Variational Bayesian Inference for fMRI time series}},
  journal = ni,
  year = {2003},
  note = {In press}
}

@ARTICLE{Perona-90,
  author = {Perona, P. and Malik, J.},
  title = {{Scale-Space and edge detection using anisotropic diffusion}},
  journal = pami,
  year = {1990},
  volume = {12},
  pages = {629-639},
  number = {7},
  month = jul
}

@INPROCEEDINGS{Pluim-99,
  author = {Pluim, J. P. W. and Maintz, J. B. A. and Viergever, M. A.},
  title = {{Mutual information matching and interpolation artefacts}},
  booktitle = {Medical Imaging: Image Processing},
  year = {1999},
  editor = {K. M. Hanson},
  volume = {3661},
  series = sp,
  address = {Bellingham, WA},
  publisher = spie,
  page = {56--65}
}

@ARTICLE{Pluim-00,
  author = {Pluim, J. P. W. and Maintz, J. B. A. and Viergever, M. A.},
  title = {Interpolation artefacts in mutual information based image registration},
  journal = cviu,
  year = {2000},
  volume = {77},
  pages = {211-232},
  number = {2}
}

@ARTICLE{Pluim-00b,
  author = {Pluim, J. P. W. and Maintz, J. B. A. and Viergever, M. A.},
  title = {Image registration by maximization of combined mutual information
	and gradient information},
  journal = tmi,
  year = {2000},
  volume = {19},
  pages = {809--814},
  number = {8}
}

@INPROCEEDINGS{Pluim-00c,
  author = {Pluim, J. P. W. and Maintz, J. B. A. and Viergever, M. A.},
  title = {Image registration by maximization of combined mutual information
	and gradient information},
  booktitle = miccai,
  year = {2000},
  volume = {1935},
  series = lncs,
  pages = {452--461},
  address = {Pittsburgh},
  month = oct,
  publisher = springer
}

@article{Tsao-03,
  title={Interpolation artifacts in multimodality image registration
                  based on maximization of mutual information},
  author={Tsao, Jeffrey},
  journal=tmi,
  volume={22},
  number={7},
  pages={854--864},
  year={2003}
}

@article{Ji-03,
  title={Further analysis of interpolation effects in mutual
                  information-based image registration},
  author={Ji, Jim Xiuquan and Pan, Hao and Liang, Zhi-Pei},
  journal=tmi,
  volume={22},
  number={9},
  pages={1131--1140},
  year={2003}
}

@article{Salvado-07,
  title={Removal of local and biased global maxima in intensity-based
                  registration},
  author={Salvado, Olivier and Wilson, David L},
  journal=media,
  volume={11},
  number={2},
  pages={183--196},
  year={2007}
}

@ARTICLE{Porter-01,
  author = {Porter, B.C. and Rubens, D.J. and Strang, J.G. and Totterman, S.
	and Parker, K.J.},
  title = {{Three-Dimensional Registration and Fusion of Ultrasound and MRI
	Using Major Vessels as Fiducial Markers}},
  journal = tmi,
  year = {2001},
  volume = {20},
  pages = {354-359},
  number = {4},
  month = apr
}

@BOOK{NumRec-92,
  title = {{Numerical Recipes in C}},
  publisher = {Cambrige University Press},
  year = {1992},
  author = {Press, W. H. and Flannery, B. P. and Teukolsky, S. A. and Vetterling,
	W. T.},
  edition = {2nd}
}

@TECHREPORT{Prima-00b,
  author = {Prima, S.},
  title = {Maximum likelihood estimation of the bias field in MR images: investigating
	different models for the imaging process},
  institution = inria,
  year = {2000},
  note = {In press}
}

@INPROCEEDINGS{Prima-01,
  author = {Prima, S. and Ayache, N. and Barrick, T. and Roberts, N.},
  title = {{Maximum Likelihood Estimation of the Bias Field in MR Brain Images:
	Investigating Different Modelings of the Imaging Process}},
  booktitle = miccai,
  year = {2001},
  volume = {2208},
  series = lncs,
  pages = {811--819},
  publisher = springer
}

@INPROCEEDINGS{Prima-00,
  author = {Prima, S. and Ourselin, S. and Ayache, N.},
  title = {{Computation of the Mid-Sagittal Plane in 3D Images of the Brain}},
  booktitle = eccv,
  year = {2000},
  editor = {Vernon, D.},
  volume = {1842-3},
  series = lncs,
  pages = {685--701},
  address = {Dublin, Ireland},
  month = {June/July},
  publisher = springer
}

@ARTICLE{Pruessmann-04,
  author = {Klaas Pruessmann},
  title = {{Parallel Imaging at High Field Strength: Synergies and Joint Potential}},
  journal = {Topics in Magnetic Resonance Imaging},
  year = {2004},
  volume = {15},
  pages = {237--244},
  number = {4}
}

@ARTICLE{Regis-95,
  author = {J. R\'{e}gis and J.- F. Mangin and V. Frouin and F. Sastre and J.
	C. Peragut and Y. Samson},
  title = {Generic model for the localization of the cerebral cortex and preoperative
	multimodal integration in epilepsy surgery},
  journal = {Stereotactic and Functional Neurosurgery},
  year = {1995},
  volume = {65},
  pages = {72-80}
}

@ARTICLE{Rajapakse-98,
  author = {Rajapakse, J. C. and Kruggel, F. and von Cramon, D. Y.},
  title = {{Segmentation of MR Images with Intensity Inhomogeneities}},
  journal = ivc,
  year = {1998},
  volume = {16},
  pages = {165-180},
  number = {10}
}

@INPROCEEDINGS{Rangarajan-97,
  author = {Rangarajan, A. and Chui, H. and Bookstein, F.L.},
  title = {{The Softassign Procrustes Matching Algorithm}},
  booktitle = ipmi,
  year = {1997},
  volume = {3},
  series = lncs,
  pages = {29--42},
  publisher = springer,
  editor = {Duncan, J.S. and Gindi, G.}
}

@ARTICLE{Rangarajan-99,
  author = {Rangarajan, A. and Chui, H. and Duncan, J.S.},
  title = {{Rigid Point Feature Registration Using Mutual Information}},
  journal = media,
  year = {1999},
  volume = {3},
  pages = {425--440},
  number = {4}
}

@INPROCEEDINGS{Rey-99,
  author = {Rey, D. and Subsol, G. and Delingette, H. and Ayache, N.},
  title = {{Automatic Detection and Segmentation of Evolving Processes in 3D
	Medical Images: Application to Multiple Sclerosis}},
  booktitle = ipmi,
  year = {1999},
  pages = {154-167},
  address = {Visegr\'ad, Hungary},
  publisher = springer
}

@ARTICLE{Riviere-01,
  author = {Rivi\`ere, D. and Mangin, J.-F. and Papadopoulos, D. and Martinez,
	J.-M. and Frouin, V. and R\'egis},
  title = {{Automatic Recognition of Cortical Sulci of the Human Brain
                  using a Congregation of Neural Networks}},
  journal = media,
  year = {2001}
}


@INPROCEEDINGS{Riviere-03,
  author = {D. Rivi\`ere and J. R\'egis and Y. Cointepas and D. Papadopoulos-Orfanos
	and A. Cachia and J.-F. Mangin},
  title = {A freely available {Anatomist/BrainVISA} package for structural morphometry
	of the cortical sulci},
  booktitle = hbm,
  year = {2003},
  series = {{{N}euroimage} 19(2)},
  pages = {934},
  address = {New York, USA}
}

@inproceedings{Dauguet-04,
  title={{Robust inter-slice intensity normalization using histogram scale-space analysis}},
  author={Dauguet, Julien and Mangin, Jean-Fran{\c{c}}ois and
                  Delzescaux, Thierry and Frouin, Vincent},
  booktitle=miccai,
  pages={242--249},
  year = {2004},
  address = {St Malo, France},
  series = lncs,
  publisher = springer,
  editor = {Barillot, C. and Haynor, D.R. and Hellier, P.},
  month = sep,
}

@ARTICLE{Mangin-04,
 author = {Mangin, J.-F. and Rivi\`ere, D. and Cachia, A. and
                  Duchesnay, E. and Cointepas, Y. and
                  Papadopoulos-Orfanos, D. and Scifo, P. and Ochiai,
                  T. and Brunelle, F. and R\'egis, J.},
 title = {{A framework to study the cortical folding patterns}},
 journal = ni,
 volume = 23,
 pages = {S129--S138},
 year = 2004
}

@ARTICLE{Mangin-04b,
 author = {Mangin, J.-F. and Rivi\`ere, D. and Coulon, O. and Poupon,
                  C. and Cachia, A. and Cointepas, Y. and Poline,
                  J.-B. and Le Bihan, D. and R\'egis, J. and
                  Papadopoulos-Orfanos, D.},
 title = {{Coordinate-based versus structural approaches to brain image analysis}},
 journal = aim,
 volume = 30,
 number = 2,
 pages = {177-–197},
 year = 2004
}


@PHDTHESIS{Rohling-98,
  author = {Rohling, R. N.},
  title = {{3D freehand ultrasound: reconstruction and spatial compounding}},
  school = {University of Cambridge, UK},
  year = {1998}
}

@INPROCEEDINGS{Rousseeuw-92,
  author = {Rousseeuw, P. and Croux, C.},
  title = {{Explicit Scale Estimators with High Breakdown Point}},
  booktitle = {{L1-Statistical Analysis and Related Methods}},
  year = {1992},
  editor = {Dodge, Y.},
  pages = {77--92},
  address = {Amsterdam, Netherlands}
}

@TECHREPORT{Rousseeuw-99,
  author = {Rousseeuw, P.J. and Van Driessen, K.},
  title = {{Computing LTS Regression for Large Data Sets}},
  institution = {Statistics Group, University of Antwerp},
  year = {1999},
  note = {submitted}
}

@BOOK{Rousseuw-87,
  title = {{Robust Regression and Outlier Detection}},
  publisher = {Wiley Series In Probability And Mathematical Statistics},
  year = {1987},
  author = {Rousseeuw, Peter J. and Leroy, Annick M.},
  edition = {First}
}

@INPROCEEDINGS{Rueckert-00,
  author = {Rueckert, D. and Clarkson, M.J. and Hill, D.L.G. and Hawkes, D.J.},
  title = {Non-Rigid Registration Using Higher-Order Mutual Information},
  booktitle = {Medical Imaging},
  year = {2000},
  volume = {3979},
  series = sp,
  pages = {438--447},
  address = {San Diego},
  month = feb,
  publisher = spie
}

@ARTICLE{Rueckert-99,
  author = {Rueckert, D. and Sonoda, L. I. and Hayes, C. and Hill, D. L. G. and
	Leach, M. O. and Hawkes, D. J.},
  title = {{Non-rigid Registration using Free-Form Deformations: Application
	to Breast MR Image}},
  journal = tmi,
  year = {1999},
  volume = {18},
  pages = {712-721},
  number = {8}
}

@PHDTHESIS{Sarrut-00,
  author = {David Sarrut},
  title = {Recalage multimodal et plate-forme d'imagerie m\'edicale \`a acc\`es
	distant},
  school = {Universit\'e Lumi\`ere Lyon 2},
  year = {2000},
  month = jan,
  url = {http://eric.univ-lyon2.fr/~dsarrut/these/}
}

@INPROCEEDINGS{Sarrut-99b,
  author = {D. Sarrut and F. Feschet},
  title = {{The Partial Intensity Difference Interpolation}},
  booktitle = {{International Conference on Imaging Science, Systems and Technologiy}},
  year = {1999},
  editor = {H. R. Arabnia},
  address = {Las Vegas},
  month = jul,
  publisher = {CSREA Press},
  page = {46--51}
}

@INPROCEEDINGS{Sarrut-99,
  author = {D. Sarrut and S. Miguet},
  title = {{Fast 3D Images Transformations for Registration Procedures}},
  booktitle = {10th International Conference on Image Analysis and Processing},
  year = {1999},
  pages = {446--452},
  address = {Venice, Italy},
  month = sep,
  publisher = {IEEE Computer Society}
}

@INPROCEEDINGS{Sarrut-99c,
  author = {Sarrut, D. and Miguet, S.},
  title = {{Similarity Measures for Image Registration}},
  booktitle = {{European Workshop on Content-Based Multimedia Indexing}},
  year = {1999},
  pages = {263--270},
  address = {Toulouse, France},
  month = {October},
  publisher = {IHMPT--IRIT}
}

@INPROCEEDINGS{Schmitt-85,
  author = {F. Schmitt},
  title = {{Correction of geometric distortion in MR Images}},
  booktitle = {Proceedings of the computer assisted radiology (CAR)},
  year = {1985},
  pages = {15--25},
  publisher = springer
}

@ARTICLE{Shattuck-01,
  author = {Shattuck, D.W. and Sandor-Leahy, S.R. and Schaper, K.A. and Rottenberg,
	D.A. and Leahy, R.M.},
  title = {{Magnetic resonance image tissue classification using a
                  partial volume model}},
  journal = ni,
  year = {2001},
  volume = {13},
  pages = {856--876},
  number = {5}
}

@article{Brandt-94,
  title={{Estimation of CSF, white and gray matter volumes in
                  hydrocephalic children using fuzzy clustering of MR
                  images}},
  author={Brandt, Michael E and Bohant, Timothy P and Kramer, Larry A
                  and Fletcher, Jack M},
  journal={Computerized Medical Imaging and Graphics},
  volume={18},
  number={1},
  pages={25--34},
  year={1994}
}

@article{Choi-91,
  title={{Partial Volume Tissue Classification of Multichannel
                  Magnetic Resonance Images -- A Mixel Model}},
  author={Choi, Hwan Soo and Haynor, David R and Kim, Yongmin},
  journal=tmi,
  volume={10},
  number={3},
  pages={395--407},
  year={1991}
}

@inproceedings{Nocera-97,
  title={{Robust partial volume tissue classification of cerebral MRI scans}},
  author={Nocera, Lucien and Gee, James C},
  booktitle={SPIE Medical Imaging},
  volume={3034},
  pages={312--322},
  year={1997},
  organization={SPIE}
}


@article{Pham-99,
  title={{Adaptive fuzzy segmentation of magnetic resonance images}},
  author={Pham, Dzung L and Prince, Jerry L},
  journal=tmi,
  volume={18},
  number={9},
  pages={737--752},
  year={1999}
}

@inproceedings{Pham-00,
  title={Unsupervised partial volume estimation in single-channel image data},
  author={Pham, Dzung L and Prince, Jerry L},
  booktitle=mmbia,
  pages={170--177},
  year={2000},
  organization={IEEE}
}

@article{Santago-95,
  title={Statistical models of partial volume effect},
  author={Santago, Peter and Gage, Howard D},
  journal=tip,
  volume={4},
  number={11},
  pages={1531--1540},
  year={1995}
}

@article{Laidlaw-98,
  title={{Partial-volume Bayesian classification of material mixtures
                  in MR volume data using voxel histograms}},
  author={Laidlaw, David H and Fleischer, Kurt W and Barr, Alan H},
  journal=tmi,
  volume={17},
  number={1},
  pages={74--86},
  year={1998}
}

@article{Gonzalez-02,
  title={{Estimation of the partial volume effect in MRI}},
  author={Gonz\'alez Ballester, Miguel Angel and Zisserman, Andrew
                  P. and Brady, Michael},
  journal=media,
  volume=6,
  pages={389--405},
  year={2002}
}


@article{Kumazawa-10,
  title={{Partial volume estimation and segmentation of brain tissue
                  based on diffusion tensor MRI}},
  author={Kumazawa, Seiji and Yoshiura, Takashi and Honda, Hiroshi and
                  Toyofuku, Fukai and Higashida, Yoshiharu},
  journal={Medical physics},
  volume={37},
  number={4},
  pages={1482--90},
  year={2010}
}


@inproceedings{Duche-12,
  title={{Bi-exponential magnetic resonance signal model for partial
                  volume computation}},
  author={Duch{\'e}, Quentin and Acosta, Oscar and Gambarota, Giulio
                  and Merlet, Isabelle and Salvado, Olivier and
                  Saint-Jalmes, Herv{\'e}},
  booktitle = miccai,
  volume = {7510},
  pages = {231--238},
  year = {2012},
  address = {Nice, France},
  series = lncs,
  publisher = springer,
  editor = {Ayache, N. and Delingette, H. and Golland, P. and Mori, K.},
  month = oct
}

@TECHREPORT{Simon-97,
  author = {Simon, G. and Berger, M-O.},
  title = {{A two-stage robust statistical method for temporal registration
	from features of various type}},
  institution = inria,
  year = {1997},
  number = {3235},
  note = {{Electronic version: http://www.inria.fr/RRRT/RR-3235.html}}
}

@ARTICLE{Singh-92,
  author = {A. Singh and P. Allen},
  title = {Image-Flow Computation: An Estimation-Theoretic Framework and a Unified
	Perspective},
  journal = cvgip,
  year = {1992},
  volume = {56},
  pages = {152-177},
  number = {2},
  month = sep
}

@ARTICLE{Sled-98,
  author = {J.G. Sled and A.P. Zijdenbos and A.C. Evans},
  title = {{A nonparametric method for automatic correction of intensity nonuniformity
	in MRI data}},
  journal = tmi,
  year = {1998},
  volume = {17},
  pages = {87--97}
}

@ARTICLE{Smith-00,
  author = {Smith, W.L. and Fenster, A.},
  title = {{Optimum Scan Spacing for Three-Dimensional Ultrasound by Speckle
	Statistics}},
  journal = umb,
  year = {2000},
  volume = {26},
  pages = {551--562},
  number = {4}
}

@ARTICLE{Soler-00,
  author = {Soler, Luc and Soler, Marie-Framboise},
  title = {Oui-Oui au pays du K-means},
  journal = {Biblioth\`eque Kaki},
  year = {2000},
  volume = {7741987},
  pages = {1-2},
  number = {27635}
}

@INPROCEEDINGS{Studholme-95,
  author = {Studholme, C. and Hill, D .L. G. and Hawkes, D. J.},
  title = {{Multiresolution Voxel Similarity Measures for MR-PET Registration}},
  booktitle = ipmi,
  year = {1995},
  editor = {Y. Bizais and C. Barillot},
  pages = {287-298},
  month = jun,
  publisher = kluwer
}

@ARTICLE{Studholme-98,
  author = {Studholme, C. and Hill, D. L. G. and Hawkes, D. J.},
  title = {{An overlap invariant entropy measure of 3D medical image alignment}},
  journal = pr,
  year = {1998},
  volume = {1},
  pages = {71-86},
  number = {32}
}

@ARTICLE{Studholme-96,
  author = {Studholme, C. and Hill, D. L. G. and Hawkes, D. J.},
  title = {{Automated 3-D registration of MR and CT images of the head}},
  journal = media,
  year = {1996},
  volume = {1},
  pages = {163-175},
  number = {2}
}

@ARTICLE{Subsol-98,
  author = {Subsol, G. and Thirion, J. P. and Ayache, N.},
  title = {{A General Scheme for Automatically Building 3D Morphometric Anatomical
	Atlases: application to a Skull Atlas}},
  journal = {{Medical Image Analysis}},
  year = {1998},
  volume = {2},
  number = {1}
}

@ARTICLE{Svedlow-78,
  author = {Svedlow, M. and McGillem, C.D. and Anuta, P.E.},
  title = {Image Registration: Similarity Measure and Processing Method Comparisons},
  journal = {AeroSys},
  year = {1978},
  volume = {14},
  pages = {141-149},
  number = {1}
}

@BOOK{Szeliski-89,
  title = {{Bayesian Modeling of Uncertainty in Low-Level Vision}},
  publisher = kluwer,
  year = {1989},
  author = {Szeliski, R.}
}

@ARTICLE{Szeliski-96,
  author = {Szeliski, R. and Lavall{\'e}e, S.},
  title = {{Matching 3-D Anatomical Surfaces with Non-Rigid Deformations using
	Octree-Splines}},
  journal = ijcv,
  year = {1996},
  volume = {18},
  pages = {171-186},
  number = {2},
  month = may
}

@ARTICLE{Szeliski-08,
  author = {Richard Szeliski and Ramin Zabih and Daniel Scharstein and Olga Veksler
	and Vladimir Kolmogorov and Aseem Agarwala and Marshall Tappen and
	Carsten Rother},
  title = {{A comparative study of energy minimization methods for Markov random
	fields with smoothness-based priors}},
  journal = pami,
  year = {2008},
  volume = {30},
  pages = {1068--1080},
  number = {6}
}

@BOOK{Talairach-93,
  title = {{Referentially oriented cerebral MRI anatomy}},
  publisher = {Georg Thieme Verlag},
  year = {1993},
  author = {Talairach, J. and Tournoux, P.},
  address = {New-York}
}

@ARTICLE{Terzopoulos-86,
  author = {Terzopoulos, D.},
  title = {{Regularization of Inverse Visual Problems Involving Discontinuities}},
  journal = pami,
  year = {1986},
  volume = {8},
  pages = {413--424},
  number = {4}
}

@INPROCEEDINGS{Thevenaz-98,
  author = {Th\'evenaz, P. and Unser, M.},
  title = {An efficient mutual information optimizer for multiresolution image
	registration},
  booktitle = icip,
  year = {1998},
  volume = {1},
  pages = {833--837},
  address = {Chicago},
  organization = ieee,
  date = oct
}

@INPROCEEDINGS{Thirion-95,
  author = {Thirion, J.P.},
  title = {{Fast non-rigid matching of 3-D medical images}},
  booktitle = {Medical Robotics and Computer Aided Surgery},
  year = {1995},
  series = lncs,
  pages = {47-54},
  month = nov,
  publisher = springer
}

@ARTICLE{Thirion-96,
  author = {Thirion, J. P.},
  title = {{New Feature Points Based on Geometric Invariants for 3D Image Registration}},
  journal = {{International Journal of Computer Vision}},
  year = {1996},
  volume = {18},
  pages = {121-137},
  number = {2},
  month = may
}

@ARTICLE{Thirion-98,
  author = {J.-P. Thirion},
  title = {Image matching as a diffusion process: an analogy with {M}axwell's
	demons},
  journal = media,
  year = {1998},
  volume = {2},
  pages = {243--260},
  number = {3}
}

@TECHREPORT{Thirion-95b,
  author = {J.-P. Thirion},
  title = {Fast Non-Rigid Matching of 3{D} Medical Images},
  institution = inria,
  year = {1995},
  number = {2547},
  address = {Sophia Antipolis}
}


@article{DeNigris-12,
  title={Multi-modal image registration based on gradient orientations
                  of minimal uncertainty},
  author={De Nigris, Dante and Collins, D and Arbel, Tal},
  year={2012},
  journal=tmi,
  volume=31,
  number=12,
  pages={2343--54}
}

@ARTICLE{Thompson-03,
  author = {Thompson, P.M. and Hayashi, K.M. and de Zubicaray, G. and Janke,
	A.L. and Rose, S.E. and Semple, J. and Herman, D. and Hong, M.S.
	and Dittmer, S.S. and Doddrell, D.M. and Toga, A.W.},
  title = {{Dynamics of gray matter loss in Alzheimer's disease}},
  journal = {The Journal of Neuroscience},
  year = {2003},
  volume = {23},
  pages = {994–-1005},
  number = {3}
}

@BOOK{Toga-99,
  title = {Brain Warping},
  publisher = ap,
  year = {1999},
  author = {Arthur W. Toga}
}

@book{Toga-02,
  title={Brain warping: the methods},
  author={Toga, Arthur W},
  year=2002,
  publisher=ap,
  edition = {Second}
}

@ARTICLE{Trobaugh-94,
  author = {Trobaugh, J.W. and Richard, W.D. and Smith, K.R. and Bucholz, R.D.},
  title = {{Frameless stereotactic ultrasonography: Methods and applications}},
  journal = cmig,
  year = {1994},
  volume = {18},
  pages = {235-246},
  number = {4}
}

@ARTICLE{VanLeemput-03,
  author = {Van Leemput, K. and Maes, F. and Vandermeulen, D. and Suetens, P.},
  title = {{A Unifying Framework for Partial Volume Segmentation of Brain MR
	Images}},
  journal = tmi,
  year = {2003},
  volume = {22},
  pages = {105--119},
  number = {1}
}

@ARTICLE{VanLeemput-99,
  author = {Van Leemput, K. and Maes, F. and Vandermeulen, D. and Suetens, P.},
  title = {{Automated model-based bias field correction of MR images of the
	brain}},
  journal = tmi,
  year = {1999},
  volume = {18},
  pages = {885-896},
  number = {10}
}

@ARTICLE{VanLeemput-99b,
  author = {Van Leemput, K. and Maes, F. and Vandermeulen, D. and Suetens, P.},
  title = {{Automated model-based tissue classification of MR images of the
	brain}},
  journal = tmi,
  year = {1999},
  volume = {18},
  pages = {897-908},
  number = {10}
}

@INPROCEEDINGS{VanLeemput-98,
  author = {Van Leemput, K. and Maes, F. and Vandermeulen, D. and Suetens, P.},
  title = {Automatic Segmentation of Brain Tissues and MR Bias Field Correction
	Using a Digital Brain Atlas},
  booktitle = miccai,
  year = {1998},
  volume = {1496},
  series = lncs,
  pages = {1222--1229},
  address = {Cambridge, MA, USA},
  month = oct,
  publisher = springer
}

@article{Warfield-04,
 author = {Warfield, S.K. and Zou, K.H. and Wells, W.M.},
 doi = {10.1109/TMI.2004.828354},
 issn = {0278-0062},
 journal = tmi,
 month = jul,
 number = {7},
 pages = {903--21},
 pmid = {15250643},
 title = {{Simultaneous truth and performance level estimation
                  (STAPLE): an algorithm for the validation of image
                  segmentation.}},
 volume = {23},
 year = {2004}
}


@article{Klein-05,
 author = {Klein, A. and Mensh, B. and Ghosh, S. and Tourville, J. and
                  Hirsch, J.},
 title = {{Mindboggle: automated brain labeling with multiple
                  atlases}},
 journal = {BMC Medical Imaging},
 volume = 5,
 number = 1,
 pages = 7,
 year = 2005
}


@article{Artaechevarria-09,
 author = {Artaechevarria, X. and Munoz-Barrutia, A. and Ortiz-de-Solorzano, C.},
 doi = {10.1109/TMI.2009.2014372},
 issn = {1558-0062},
 journal = tmi,
 number = {8},
 pages = {1266--77},
 pmid = {19228554},
 title = {{Combination strategies in multi-atlas image segmentation:
                  application to brain MR data}},
 volume = {28},
 year = {2009}
}

@article{Isgum-09,
 author = {Isgum, I. and Staring, M. and Rutten, A. and Prokop, M. and Viergever, M. van
                  Ginneken, B.},
 doi = {10.1109/TMI.2008.2011480},
 issn = {1558-0062},
 journal = tmi,
 month = jul,
 number = {7},
 pages = {1000--10},
 pmid = {19131298},
 title = {{Multi-atlas-based segmentation with local decision
                  fusion--application to cardiac and aortic
                  segmentation in CT scans}},
 volume = {28},
 year = {2009}
}

@article{Sabuncu-10,
 author = {Sabuncu, M.R. and Yeo, B.T. and {Van Leemput}, K.
                  and Fischl, B. and Golland, P.},
 doi = {10.1109/TMI.2010.2050897},
 issn = {1558-0062},
 journal = tmi,
 month = oct,
 number = {10},
 pages = {1714--29},
 pmid = {20562040},
 title = {{A generative model for image segmentation based on label fusion}},
 volume = {29},
 year = {2010}
}


@ARTICLE{Dale-99,
 author = {Dale, A. M. and Fischl, B. and Sereno, M.I.},
 title = {Cortical surface-based analysis: Segmentation and surface
                  reconstruction},
 journal = ni,
 volume = 9, 
 number = 2,
 pages = {179--194},
 year = 1999
}

@ARTICLE{Fischl-00,
 author = {Fischl, B. and Dale, A.M.},
 title = {Measuring the thickness of the human cerebral cortex from
                  magnetic resonance images},
 journal = pnas,
 number = 97,
 volume = 20,
 pages = {11050--11055},
 year = 2000
}


@ARTICLE{Fischl-02,
 author = {Fischl, B. and Salat, D.H. and Busa, E. and Albert, M. and
                  Dieterich, M. and Haselgrove, C,. and van der Kouwe,
                  A. and Killiany, R. and Kennedy, D. and Klaveness,
                  S. and Montillo, A. and Makris, N. and Rosen, B. and
                  Dale, A.M.},
title = {{Whole brain segmentation: automated labeling of
                  neuroanatomical structures in the human brain}},
journal = {Neuron},
volume = 33, 
number = 3,
pages = {341--355},
year = 2002
}

@article{Fischl-12,
  title={{FreeSurfer}},
  author={Fischl, Bruce},
  journal=ni,
  volume={62},
  number={2},
  pages={774--781},
  year={2012}
}


@article{Desikan-06,
  title={{An automated labeling system for subdividing the human
                  cerebral cortex on MRI scans into gyral based
                  regions of interest}},
  author={Desikan, Rahul S and S{\'e}gonne, Florent and Fischl, Bruce
                  and Quinn, Brian T and Dickerson, Bradford C and
                  Blacker, Deborah and Buckner, Randy L and Dale,
                  Anders M and Maguire, R Paul and Hyman, Bradley T
                  and Albert, Marlylin S and Killiany, Ronald J},
  journal=ni,
  volume={31},
  number={3},
  pages={968--980},
  year={2006}
}


@ARTICLE{Jones-00,
  author = {Jones, S.E. and Buchbinder, B.R. and Aharon, I.},
  title = {{Three-dimensional mapping of cortical thickness using Laplace's equation}},
  journal = hbm,
  year = 2000,
  volume = 11,
  number = 1,
  pages = {12--32},
}


@ARTICLE{Klein-07,
 author = {Klein, J. and Behrens, T. and Robson, M. and Mackay, C. and
                  Higham, D. and Johansen-Berg, H.},
 title = {Connectivity-based parcellation of human cortex using
                  diffusion MRI: Establishing reproducibility,
                  validity and observer independence in BA 44/45 and
                  SMA/pre-SMA},
 journal = ni,
 year = 2007,
 volume = 34, 
 number = 1,
 pages = {204--211}
}

@ARTICLE{Mietchen-09,
AUTHOR={Mietchen, Daniel  and  Gaser, Christian},   
TITLE={Computational morphometry for detecting changes in brain
                  structure due to development, aging, learning,
                  disease and evolution},      
JOURNAL={Frontiers in Neuroinformatics},      
VOLUME={3},      
YEAR={2009},      
NUMBER={25},     
DOI={10.3389/neuro.11.025.2009},      
ISSN={1662-5196}
}}

@inproceedings{Liu-04,
title={{Discriminative MR Image Feature Analysis for Automatic
                  Schizophrenia and Alzheimer’s Disease
                  Classification}},
author={Liu, Yanxi and Teverovskiy, Leonid and Carmichael, Owen and
                  Kikinis, Ron and Shenton, Martha and Carter,
                  CameronS. and Stenger, V.Andrew and Davis, Simon and
                  Aizenstein, Howard and Becker, JamesT. and Lopez,
                  OscarL. and Meltzer, CarolynC.},
year={2004},
booktitle=miccai,
volume={3216},
series=lncs,
pages={393--401},
address = {St Malo, France},
publisher = springer,
month = sep
}



@ARTICLE{Duchesne-08, 
author={Duchesne, S. and Caroli, A. and Geroldi, C. and Barillot,
                  C. and Frisoni, G.B. and Collins, D.L.}, 
title={{MRI-Based Automated Computer Classification of Probable AD Versus Normal Controls}},
journal=tmi,
year={2008},
volume={27}, 
number={4}, 
pages={509--520}, 
doi={10.1109/TMI.2007.908685}, 
ISSN={0278-0062}
}


@article{Davatzikos-08,
  author    = {Christos Davatzikos and Susan M. Resnick and X. Wu and
                  P. Parmpi and C. M. Clark},
  title     = {{Individual patient diagnosis of AD and FTD via
                  high-dimensional pattern classification of MRI}},
  journal   = ni,
  volume    = {41},
  number    = {4},
  year      = {2008},
  pages     = {1220--1227}
}

@article{Brewer-09,
  title={{Fully-automated quantification of regional brain volumes for
                  improved detection of focal atrophy in Alzheimer
                  disease}},
  author={Brewer, JB and Magda, S and Airriess, C and Smith, ME},
  journal={American Journal of Neuroradiology},
  volume={30},
  number={3},
  pages={578--580},
  year={2009},
  publisher={Am Soc Neuroradiology}
}

@article{Cuingnet-11,
author = {Cuingnet, R\'{e}mi and G\'{e}rardin, Emilie and Tessieras,
                  J\'{e}r\^{o}me and Auzias, Guillaume and
                  Leh\'{e}ricy, St\'{e}phane and Habert, Marie-Odile
                  and Chupin, Marie and Benali, Habib and Colliot,
                  Olivier and the Alzheimer's Disease Neuroimaging
                  Initiative},
title = {{Automatic classification of patients with Alzheimer's
                  disease from structural MRI: a comparison of ten
                  methods using the ADNI database}},
journal = ni,
volume = 56,
number = 2,
pages = {766--81},
year = {2011}
}

@article{Liu-12,
author = {Liu, M. and Zhang, D. and Shen, D. and the Alzheimer's
                  Disease Neuroimaging Initiative},
title = {{Ensemble sparse classification of Alzheimer's disease}},
journal = ni,
volume = 60,
number = 2,
pages = {1106--1116},
year = {2012}
}

@inproceedings{Gaonkar-12,
  author    = {Bilwaj Gaonkar and
               Christos Davatzikos},
  title     = {{Deriving Statistical Significance Maps for SVM Based
                  Image Classification and Group Comparisons}},
  booktitle = miccai,
  volume = 7510,
  series = lncs,
  year = 2012,
  pages = {723--730},
  address = {Nice, France},
  publisher = springer,
  month = oct
}


@ARTICLE{Venot-84,
  author = {Venot, A. and Lebruchec, J.F. and Roucayrol, J.C.},
  title = {A New Class of Similarity Measures for Robust Image Registration},
  journal = cvgip,
  year = {1984},
  volume = {28},
  pages = {176--184}
}

@PHDTHESIS{Viola-95,
  author = {Viola, P.},
  title = {{Alignment by maximization of mutual information}},
  school = {Massachusetts Institute of Technology},
  year = {1995}
}

@ARTICLE{Viola-97,
  author = {Viola, P. and Wells, W. M.},
  title = {{Alignment by maximization of mutual information}},
  journal = ijcv,
  year = {1997},
  volume = {24},
  pages = {137-154},
  number = {2}
}

@INPROCEEDINGS{vanVliet-98,
  author = {van Vliet, L.J. and Young, I.T. and Verbeek, P.W.},
  title = {{Recursive Gaussian Derivative Filters}},
  booktitle = {Proc. of the 14th International Conference on Pattern Recognition,
	ICPR'98},
  year = {1998},
  volume = {1},
  pages = {509-514},
  address = {Brisbane, Australia},
  month = aug,
  publisher = {{IEEE Computer Society Press}}
}

@ARTICLE{Wainwright-05,
  author = {Wainwright, M.J. and Jaakkola, T.S. and Willsky, A.S.},
  title = {{MAP estimation via agreement on (hyper)trees: Message-passing and
	linear-programming approaches}},
  journal = tit,
  year = {2005},
  volume = {51},
  pages = {3697--3717},
  number = {11}
}

@INPROCEEDINGS{Wald-01,
  author = {L.L. Wald and F. Schmitt and A. Dale},
  title = {{Systematic spatial distortion in MRI due to gradient nonlinearities}},
  booktitle = {Proceedings of the 7th Annual Human Brain Mapping Meeting},
  year = {2001},
  pages = {203},
  address = {Brighton, UK}
}

@ARTICLE{Wells-96b,
  author = {Wells, W. M. and Grimson, W. E. L. and Kikinis, R. and Jolesz, F.
	A.},
  title = {{Adaptive Segmentation of MRI Data}},
  journal = tmi,
  year = {1996},
  volume = {15},
  pages = {429-442},
  number = {4},
  month = aug
}

@ARTICLE{Wells-96,
  author = {Wells, W. M. and Viola, P. and Atsumi, H. and Nakajima, S.},
  title = {Multi-modal volume registration by maximization of mutual information},
  journal = media,
  year = {1996},
  volume = {1},
  pages = {35-51},
  number = {1}
}

@ARTICLE{West-97,
  author = {West, J. and al.},
  title = {Comparison and evaluation of retrospective intermodality brain image
	registration techniques},
  journal = jcat,
  year = {1997},
  volume = {21},
  pages = {554-566}
}

@ARTICLE{Woods-92,
  author = {Woods, R. P. and Cherry, S. R. and Mazziotta, J. C.},
  title = {{Rapid Automated Algorithm for Aligning and Reslicing PET Images}},
  journal = jcat,
  year = {1992},
  volume = {16},
  pages = {620-633},
  number = {4}
}

@ARTICLE{Woods-98,
  author = {Woods, R. P. and Grafton, S. T. and Holmes, C. J. and Cherry, S.
	R. and Mazziotta, J. C.},
  title = {{Automated image registration: I. General methods and intrasubject,
	intramodality validation}},
  journal = jcat,
  year = {1998},
  volume = {22},
  pages = {{141-154}}
}

@ARTICLE{Woods-98b,
  author = {Woods, R. P. and Grafton, S. T. and Watson, J. D. G. and Sicotte,
	N. L. and Mazziotta, J. C.},
  title = {{Automated image registration: II. Intersubject validation of linear
	and nonlinear models}},
  journal = jcat,
  year = {1998},
  volume = {22},
  pages = {{155-165}}
}

@ARTICLE{Woods-93,
  author = {Woods, R. P. and Mazziotta, J. C. and Cherry, S. R.},
  title = {{MRI-PET Registration with Automated Algorithm}},
  journal = jcat,
  year = {1993},
  volume = {17},
  pages = {536-546},
  number = {4}
}

@ARTICLE{Young-95,
  author = {Young, I.T. and van Vliet, L.J.},
  title = {{Recursive implementation of the Gaussian filter}},
  journal = siproc,
  year = {1995},
  volume = {44},
  pages = {139--151}
}

@PHDTHESIS{Zollei-06,
  author = {Z\"ollei, L.},
  title = {{A Unified Information Theoretic Framework for Pair- and Group-wise
	Registration of Medical Images}},
  school = {Massachusetts Institute of Technology},
  year = {2006}
}


@inproceedings{Zollei-09,
  title={On the optimality of mutual information as an image registration objective function},
  author={Z{\"o}llei, Lilla and Wells, William M},
  booktitle={16th IEEE International Conference on Image Processing (ICIP)},
  pages={189--192},
  year={2009},
  organization={IEEE}
}

@inproceedings{Zollei-03,
  title={A unified statistical and information theoretic framework for
                  multi-modal image registration},
  author={Z{\"o}llei, Lilla and Fisher, John W and Wells, William M},
  booktitle={Information Processing in Medical Imaging},
  pages={366--377},
  year={2003},
  publisher=springer
}

@ARTICLE{Zhang-96,
  author = {Zhang, J.},
  title = {{The Convergence of Mean-Field Procedures for MRFs}},
  journal = tip,
  year = {1996},
  volume = {5},
  pages = {1662--1665},
  number = {12}
}

@ARTICLE{Zhang-92,
  author = {Zhang, J.},
  title = {{The Mean Field Theory in EM Procedures for Markov Random Fields}},
  journal = tsp,
  year = {1992},
  volume = {40},
  pages = {2570--2583},
  number = {10}
}

@ARTICLE{Zhang-01,
  author = {Zhang, Y. and Brady, J.M. and Smith, S.M.},
  title = {{Segmentation of brain MR images through a hidden Markov random field
	model and the expectation-maximization algorithm}},
  journal = tmi,
  year = {2001},
  volume = {20},
  pages = {45-57},
  number = {1}
}

@INPROCEEDINGS{Zhang-00,
  author = {Zhang, Y. and Brady, M. and Smith, S.},
  title = {A hidden Markov random field model for segmentation of brain MR images},
  booktitle = {Medical Imaging},
  year = {2000},
  volume = {3979},
  series = sp,
  pages = {1126--1137},
  address = {San Diego},
  month = feb,
  publisher = spie
}

@ARTICLE{Zhang-97,
  author = {Zhang, Z.},
  title = {{Parameter Estimation Techniques: A Tutorial with Application to
	Conic Fitting}},
  journal = ivc,
  year = {1996},
  volume = {15},
  pages = {59-76},
  number = {1}
}

@ARTICLE{Zhang-94b,
  author = {Zhang, Z.},
  title = {{Iterative Point Matching for Registration of Free-Form Curves and
	Surfaces}},
  journal = ijcv,
  year = {1994},
  volume = {13},
  pages = {119-152},
  number = {2},
  month = oct
}

@TECHREPORT{Zhang-93,
  author = {Zhang, Z.},
  title = {{Le probl\`eme de la mise en correspondance : l'\'etat de l'art}},
  institution = inria,
  year = {1993},
  number = {2146}
}

@TECHREPORT{Zhang-94,
  author = {Zhang, Z. and Deriche, R. and Faugeras, O. and Luong, Q-T.},
  title = {{A Robust Technique for Matching Two Uncalibrated Images Through
	the Recovery of the Unknown Epipolar Geometry}},
  institution = inria,
  year = {1994},
  number = {2273},
  note = {{Electronic version: http://www.inria.fr/RRRT/RR-2273.html}}
}

@ARTICLE{Zhu-02,
  author = {Zhu, Y.-M. and Cochoff, S. M.},
  title = {{Likelihood Maximization Approach to Image Registration}},
  journal = tip,
  year = {2002},
  volume = {11},
  pages = {1417--1426},
  number = {12},
  month = dec
}

@MISC{brainweb,
  url = {http://www.bic.mni.mcgill.ca/brainweb/},
  key = {BrainWeb},
  organization = {Montreal Neurological Institute}
}

@MISC{brainweb,
  url = {http://www.bic.mni.mcgill.ca/brainweb/},
  key = {BrainWeb},
  organization = {Montreal Neurological Institute}
}


@MISC{RRE-Project,
  title = {{The Retrospective Registration Evaluation Project}},
  howpublished = {http://www.vuse.vanderbilt.edu/~jayw/},
  address = {Nashville, TN, USA},
  key = {{Webpage: Vanderbilt Project}},
  organization = {Vanderbilt University}
}

@ARTICLE{Zitova-03,
  author = {Zitova, B. and Flusser, J.},
  title = {Image registration methods: a survey},
  journal = ivc, 
  year = 2003,
  volume = 21,
  pages = {977---1000},
  number = 11
}

@article{Crum-03,
author = {Crum, W.R. and Griffin, L.D. and Hill, D.L.G. and Hawkes,
                  D.J.},
issn = {1053-8119},
journal = ni,
month = nov,
number = {3},
pages = {1425--37},
title = {{Zen and the art of medical image registration:
                  correspondence, homology, and quality}},
volume = {20},
year = {2003}
}


@InProceedings{Henson-99, 
 author = {R.N.A. Henson and C. Buchel and O. Josephs and K.J. Friston},
 title = {The slice-timing problem in event-related f{MRI}},
 booktitle = {{N}euro{I}mage},
 pages = 125,
 year = 1999, 
 volume = 9
}


@article{Mortamet-09,
 author = {B. Mortamet and M. Bernstein and C. Jack, Jr. and J. Gunter
                  and C. Ward and P. Britson and R. Meuli and
                  J.-P. Thiran and G. Krueger and the Alzheimer's
                  Disease Neuroimaging Initiative},
 title = {{Automatic Quality Assessment in Structural Brain Magnetic
                  Resonance Imaging}}, 
 journal = mrm,
 volume = 62,
 pages = {365-–372},
 year = 2009
}


@InProceedings{Ribes-11, 
 author = {Delphine Ribes and Tobias Kober and Giulio Gambarota and
                  Reto Meuli and Gunnar Krueger},
 title = {{Who said fat is bad? Skull-stripping benefits from
                  additional fat image}}, 
 booktitle = {Proc. ISMRM'11},
 address = {Montreal, Canada},
 year = 2011
}


@article{Grady-06, 
 author = {Leo Grady},
 title = {{Random Walks for Image Segmentation}}, 
 journal = pami,
 volume = 28,
 number = 11, 
 pages = {1768--1783},
 year = 2006
}

@inproceedings{Grady-05,
 author = {Leo Grady},
 title = {{Multilabel Random Walker Image Segmentation Using Prior Models}}, 
 booktitle = cvpr,
 pages = {763--770},
 volume = {1},
 year = {2005}
}


@inproceedings{Sinop-07,
 author = {Sinop, Ali Kemal and Grady, Leo},
 title = {{A Seeded Image Segmentation Framework Unifying Graph Cuts
                  And Random Walker Which Yields A New Algorithm}},
 doi = {10.1109/ICCV.2007.4408927},
 isbn = {978-1-4244-1630-1},
 booktitle = iccv,
 pages = {1--8},
 publisher = ieee,
 year = 2007
}

@article{Couprie-10,
 author = {Couprie, Camille and Grady, Leo and Najman, Laurent and Talbot, Hugues},
 title = {{Power Watersheds: A Unifying Graph-Based Optimization
                  Framework}}, 
 doi = {10.1109/TPAMI.2010.200},
 issn = {1939-3539},
 journal = pami,
 pages = {1--17},
 year = 2010
}



@article{Kumar-08,
 author = {Kumar, M. Pawan and Kolmogorov, V. and Torr, Philip H.S.},
 journal = jmlr,
 pages = {71--106},
 title = {{An Analysis of Convex Relaxations for MAP Estimation of Discrete MRFs}},
 volume = {10},
 year = {2008}
}


@article{Li-97,
 author = {Li, Stan Z. and Wang, H.A.N. and Chan, Kap L.},
 journal = jmiv,
 pages = {149--161},
 title = {{Minimization of MRF Energy with Relaxation Labeling}},
 volume = {161},
 year = {1997}
}

@inproceedings{Ravikumar-06,
 author = {Ravikumar, Pradeep and Lafferty, John},
 booktitle = icml,
 pages = {737--744},
 title = {{Quadratic Programming Relaxations for Metric Labeling and
                  Markov Random Field MAP Estimation}},
 year = {2006}
}

@article{Cour-07,
 author = {Cour, Timoth\'ee and Shi, Jianbo},
 title = {{Solving Markov Random Fields with Spectral Relaxation}},
 journal = jmlr,
 volume = 2,
 pages = {75--82},
 year = 2007
}


@article{Freeborough-97,
 title={{The boundary shift integral: an accurate and robust measure of
                  cerebral volume changes from registered repeat MRI}},
 author={Freeborough, P.A. and Fox, N.C.},
 journal=tmi,
 volume={16},
 number={5},
 pages={623--629},
 year={1997}
}

@article{Gudbjartsson-95,
 title={{The Rician Distribution of Noisy MRI Data}},
 author={Gudbjartsson, H\'akon and Patz, Samuel},
 journal=mrm,
 volume=34,
 number=6,
 pages={910--914},
 year=1995
}

@article{Larsson-03,
 title={{SNR-optimality of sum-of-squares reconstruction for
                  phased-array magnetic resonance imaging}},
 author={Larsson, Erik G. and Erdogmus, Deniz and Yan, Rui and
                  Principe, Jose C. and Fitzsimmons, Jeffrey R.},
 journal=jmr,
 volume=163,
 pages={121--123},
 year=2003
}

@article{Dietrich-08,
 title={{Influence of multi-channel combination, parallel imaging, and
                  other reconstruction techniques on MRI noise
                  characteristics}},
 author={Dietrich, Olaf and Raya, Jos\'e G. and Reeder, Scott B. and
                  Ingrisch, Michael},
 journal=mri,
 volume=26,
 number=6,
 pages={754--762},
 year=2008
}

@article{Marques-10,
 title = {{MP2RAGE, a self bias-field corrected sequence for improved
                  segmentation and T1-mapping at high field}},
 author = {Marques, Jos\'e P. and Kober, Tobias and Krueger, Gunnar and
                  van der Zwaag, Wietske and Van de Moortele,
                  Pierre-Fran\c{c}ois and Gruetter, Rolph},
 journal = ni,
 volume = 49,
 pages = {1271--81},
 year = 2010
}

@article{Huppertz-10,
  title={{Intra-and interscanner variability of automated voxel-based
                  volumetry based on a 3D probabilistic atlas of human
                  cerebral structures}},
  author={Huppertz, Hans-J{\"u}rgen and Kr{\"o}ll-Seger, Judith and
                  Kl{\"o}ppel, Stefan and Ganz, Reinhard E and
                  Kassubek, Jan},
  journal=ni,
  volume={49},
  number={3},
  pages={2216--24},
  year={2010},
  publisher={Elsevier}
}

@article{Abdulkadir-11,
  title={{Effects of hardware heterogeneity on the performance of SVM
                  Alzheimer's disease classifier}},
  author={Abdulkadir, Ahmed and Mortamet, B{\'e}n{\'e}dicte and
                  Vemuri, Prashanthi and Jack, Clifford R and Krueger,
                  Gunnar and Kl{\"o}ppel, Stefan},
  journal=ni,
  volume={58},
  number={3},
  pages={785--92},
  year={2011},
  publisher={Elsevier}
}


@article{Weiss-02,
  title={Motion illusions as optimal percepts},
  author={Weiss, Yair and Simoncelli, Eero P and Adelson, Edward H},
  journal={Nature neuroscience},
  volume={5},
  number={6},
  pages={598--604},
  year={2002}
}


@article{Glocker-08,
  title={{Dense image registration through MRFs and efficient linear
                  programming}},
  author={Glocker, Ben and Komodakis, Nikos and Tziritas, Georgios and
                  Navab, Nassir and Paragios, Nikos},
  journal=media,
  volume={12},
  number={6},
  pages={731--741},
  year={2008}
}

@article{Zikic-10,
  title={{Linear intensity-based image registration by Markov random
                  fields and discrete optimization}},
  author={Zikic, Darko and Glocker, Ben and Kutter, Oliver and Groher,
                  Martin and Komodakis, Nikos and Kamen, Ali and
                  Paragios, Nikos and Navab, Nassir},
  journal=media,
  volume={14},
  number={4},
  pages={550--562},
  year={2010}
}

@article{Sun-03,
  title={Stereo matching using belief propagation},
  author={Sun, Jian and Zheng, Nan-Ning and Shum, Heung-Yeung},
  journal=pami,
  volume={25},
  number={7},
  pages={787--800},
  year={2003}
}

@article{Szeliski-06,
  title={{Image alignment and stitching: A tutorial}},
  author={Szeliski, Richard},
  journal={Foundations and Trends{\textregistered} in Computer Graphics and Vision},
  volume={2},
  number={1},
  pages={1--104},
  year={2006},
  publisher={Now Publishers Inc.}
}


@article{Nichols-03,
  title={Controlling the familywise error rate in functional neuroimaging: a comparative review},
  author={Nichols, Thomas and Hayasaka, Satoru},
  journal={Statistical methods in medical research},
  volume={12},
  number={5},
  pages={419--446},
  year={2003}
}

@article{Eklund-16,
  title={Cluster failure: Why fMRI inferences for spatial extent have inflated false-positive rates},
  author={Eklund, Anders and Nichols, Thomas E and Knutsson, Hans},
  journal={Proceedings of the National Academy of Sciences},
  volume=113,
  number=28,
  pages={7900--7905},
  year={2016}
}

@article{Daducci-15,
  title={{Accelerated microstructure imaging via convex optimization (AMICO) from diffusion MRI data}},
  author={Daducci, Alessandro and Canales-Rodr{\'\i}guez, Erick J and Zhang, Hui and Dyrby, Tim B and Alexander, Daniel C and Thiran, Jean-Philippe},
  journal=ni,
  volume={105},
  pages={32--44},
  year={2015},
  publisher={Elsevier}
}

@article{Makni-08,
  title={A fully Bayesian approach to the parcel-based detection-estimation of brain activity in fMRI},
  author={Makni, Salima and Idier, J{\'e}r{\^o}me and Vincent, Thomas and Thirion, Bertrand and Dehaene-Lambertz, Ghislaine and Ciuciu, Philippe},
  journal=ni,
  volume={41},
  number={3},
  pages={941--969},
  year={2008}
}



