@article{Schumann-10,
  title={{The IMAGEN study: reinforcement-related behaviour in normal brain function and psychopathology}},
  author={Schumann, G. and Loth, E. and Banaschewski, T. and Barbot, A. and Barker, G. and B{\"u}chel, C. and Conrod, P.J. and Dalley, J.W. and Flor, H. and Gallinat, J. and Garavan, H. and Heinz, A. and Itterman, B. and Lathrop, M. and Mallik, C. and Mann, K. and Martinot, J.-L. and Paus, T. and Poline, J.-B- and Robbins, T.W. and Rietschel, M. and Reed, L. and Smolka, M. and Spanagel, R. and Speiser, C. and Stephens, D.N. and Str\"ohle, A. and Struve, M.},
  journal={Molecular psychiatry},
  volume={15},
  number={12},
  pages={1128--1139},
  year={2010},
  publisher={Nature Publishing Group}
}

@article{Meda-12,
  title={{A large scale multivariate parallel ICA method reveals novel imaging--genetic relationships for Alzheimer's disease in the ADNI cohort}},
  author={Meda, Shashwath A and Narayanan, Balaji and Liu, Jingyu and Perrone-Bizzozero, Nora I and Stevens, Michael C and Calhoun, Vince D and Glahn, David C and Shen, Li and Risacher, Shannon L and Saykin, Andrew J and Pearlson, Godfrey D},
  journal={Neuroimage},
  volume={60},
  number={3},
  pages={1608--1621},
  year={2012},
  publisher={Elsevier}
}

@article{Giddaluru-16,
  title={{Genetics of structural connectivity and information processing in the brain}},
  author={Giddaluru, Sudheer and Espeseth, Thomas and Salami, Alireza and Westlye, Lars T and Lundquist, Anders and Christoforou, Andrea and Cichon, Sven and Adolfsson, Rolf and Steen, Vidar M and Reinvang, Ivar and G\"oran Nilsson, Lars and Le Hellard, St\'ephanie and Nyberg, Lars}, 
  journal={Brain Structure and Function},
  pages={1--19},
  year={2016},
  publisher={Springer}
}

@article{Toro-15,
  title={Genomic architecture of human neuroanatomical diversity},
  author={Toro, Roberto and Poline, Jean-Baptiste and Huguet, Guillaume and Loth, Eva and Frouin, Vincent and Banaschewski, Tobias and Barker, Gareth J and Bokde, Arun and B{\"u}chel, Christian and Carvalho, FM and
Conrod, C and Fauth-BÃ¼hler, M and Flor, H and Gallinat, J and Garavan, H and Gowland, P Heinz, A and Ittermann, B and Lawrence, C and Lema\^itre, H and Mann, K and Nees, F and Paus, T and Pausova, Z and Rietschel, M and Robbins, T and Smolka, M N and Str\"ohle, A and Schumann, G and Bourgeron, T},
  journal={Molecular psychiatry},
  volume={20},
  number={8},
  pages={1011--1016},
  year={2015},
  publisher={Nature Publishing Group}
}

@article{LeFloch-12,
  title={{Significant correlation between a set of genetic polymorphisms and a functional brain network revealed by feature selection and sparse Partial Least Squares}},
  author={Le Floch, Edith and Guillemot, Vincent and Frouin, Vincent and Pinel, Philippe and Lalanne, Christophe and Trinchera, Laura and Tenenhaus, Arthur and Moreno, Antonio and Zilbovicius, Monica and Bourgeron, Thomas and 
Dehaene, Stanislas and Thirion, Bertrand  and Poline, Jean-Baptiste and Duchesnay, Edouard},
  journal={Neuroimage},
  volume={63},
  number={1},
  pages={11--24},
  year={2012},
  publisher={Elsevier}
}

@phdthesis{LeFloch-12b,
  title={Multivariate methods for the joint analysis of neuroimaging and genetic data},
  author={Le Floch, Edith},
  year={2012},
  school={Universit{\'e} Paris Sud-Paris XI}
}

@article{Tenenhaus-14,
  title={Variable selection for generalized canonical correlation analysis},
  author={Tenenhaus, Arthur and Philippe, Cathy and Guillemot, Vincent and Le Cao, Kim-Anh and Grill, Jacques and Frouin, Vincent},
  journal={Biostatistics},
  pages={1--15},
  year={2014},
  publisher={Biometrika Trust}
}

@article{Tenenhaus-15,
  title={Kernel Generalized Canonical Correlation Analysis},
  author={Tenenhaus, Arthur and Philippe, Cathy and Frouin, Vincent},
  journal={Computational Statistics \& Data Analysis},
  volume={90},
  pages={114--131},
  year={2015},
  publisher={Elsevier}
}

@article{Vounou-10,
  title={Discovering genetic associations with high-dimensional neuroimaging phenotypes: a sparse reduced-rank regression approach},
  author={Vounou, Maria and Nichols, Thomas E and Montana, Giovanni},
  journal={Neuroimage},
  volume={53},
  number={3},
  pages={1147--1159},
  year={2010},
  publisher={Elsevier}
}


@article{Silver-12,
  title={Identification of gene pathways implicated in Alzheimer's disease using longitudinal imaging phenotypes with sparse regression},
  author={Silver, Matt and Janousova, Eva and Hua, Xue and Thompson, Paul M and Montana, Giovanni},
  journal={Neuroimage},
  volume={63},
  number={3},
  pages={1681--1694},
  year={2012}
}


@article{Hadj-16,
  title={An Iterative Smoothing Algorithm for Regression with Structured Sparsity},
  author={Hadj-Selem, Fouad and Lofstedt, Tommy and Frouin, Vincent and Guillemot, Vincent and Duchesnay, Edouard},
  journal={arXiv preprint arXiv:1605.09658},
  year={2016}
}

@article{DaMota-14,
 title = {Generic Machine Learning Pattern for Neuroimaging-Genetic Studies in the Cloud},      
 author={Da Mota, Benoit and Tudoran, Radu and Costan, Alexandru and Varoquaux, Ga{\"e}l and Brasche, Goetz and Conrod, Patricia J and Lemaitre, Herv{\'e} and Paus, Tom{\'a}{\v{s}} and Rietschel, Marcella and Frouin, Vincent and Poline, Jean-Baptiste Poline and Antoniu, Gabriel and Thirion, Bertrand},
 journal = {Frontiers in Neuroinformatics},
 volume = {8},
 pages={31},     
 year={2014},
 doi={10.3389/fninf.2014.00031},
 issn={1662-5196}
}

@article{Yang-11,
  title={{GCTA: a tool for genome-wide complex trait analysis}},
  author={Yang, Jian and Lee, S Hong and Goddard, Michael E and Visscher, Peter M},
  journal={The American Journal of Human Genetics},
  volume={88},
  number={1},
  pages={76--82},
  year={2011}
}


