@STRING{pnas = {Proceedings of the National Academy of Sciences}}

@article{Frisoni-10,
author = {Frisoni, Giovanni B and Fox, Nick C and Jack, Clifford R and
                  Scheltens, Philip and Thompson, Paul M},
doi = {10.1038/nrneurol.2009.215},
issn = {1759-4766},
journal = {Nature reviews. Neurology},
number = {2},
pages = {67--77},
title = {{The clinical use of structural MRI in Alzheimer disease}},
volume = {6},
year = {2010}
}

@article{Frisoni-09,
author = { Giovanni Frisoni and Annapaola Prestia and Orazio Zanetti
                  and Samantha Galluzzi and Melissa Romano and Maria
                  Cotelli and Massimo Gennarelli and Giuliano Binetti
                  and Luisella Bocchio and Barbara Paghera and
                  Giovanni Amicucci and Matteo Bonetti and Luisa
                  Benussi and Roberta Ghidoni and Cristina Geroldi},
journal = {Alzheimer's \& Dementia},
volume = 5,
pages = {307--317},
title = {{Markers of Alzheimer's disease in a population attending a
                  memory clinic}},
year = 2009
}


@article{Brickman-12,

author = {Brickman, A. and Meier, I. and Korgaonkar, M. and
                  Provenzano, F. and Grieve, S. and Siedlecki, K. and
                  Wasserman, B. and Williams, L. and Zimmerman, M.},
journal = {Neurobiology of Aging},
volume = 33,
number = 8,
pages = {1699--1715},
title = {{Testing the white matter retrogenesis hypothesis of cognitive aging}},
year = 2012
}


@article{Gouw-06,
author = {A.A. Gouw and W.M. Van der Flier and E.C.W. van Straaten and
                  F. Barkhof and J.M. Ferro and H. Baezner and
                  L. Pantoni and D. Inzitari and T. Erkinjuntti and 
                  L.O. Wahlund and G. Waldemar and R. Schmidt and
                  F. Fazekas and P. Scheltens},
title = {{Simple versus complex assessment of white matter
                  hyperintensities in relation to physical performance
                  and cognition: the LADIS study}},
journal = {Journal of Neurology},
year = 2006,
volume = 253,
number = 9,
pages = {1189–-1196}
}

@ARTICLE{Houenou-07,
  author = {J. Houenou and M. Wessa and G. Douaud and M. Leboyer and
                  S. Chanraud and M. Perrin and C. Poupon and
                  J.-L. Martinot and M.-L. Paill\`ere-Martinot},
  title = {Increased white matter connectivity in euthymic bipolar
                  patients: diffusion tensor tractography between the
                  subgenual cingulate and the amygdalo-hippocampal
                  complex},
  journal = {Molecular Psychiatry},
  year = {2007},
  volume = {12},
  pages = {1001-10},
  number = {11}
}


@ARTICLE{Greicius-04,
  author = {Greicius, M.D. and Srivastava G. and Reiss A.L. and Menon,
                  V.},
  title = {{Default-mode network activity distinguishes Alzheimer's
                  disease from healthy aging: evidence from functional
                  MRI}},
  journal = pnas,
  year = 2004,
  volume = 101,
  pages = {4637--4642}
}

@ARTICLE{Hagmann-10,
  author = {P. Hagmann and O. Sporns and N. Madan and L. Cammoun and
                  R. Pienaar and V. J. Wedeen and R. Meuli and
                  J.-P. Thiran and P. E. Grant },
  title = {{White matter maturation reshapes structural connectivity
                  in the late developing human brain}},
  journal = pnas,
  year = 2010,
  volume = 107,
  number = 44,
  pages = {19067--19072}
}


@ARTICLE{Kloppel-08,
author = {Stefan Kl\"oppel and Cynthia M. Stonnington and Carlton Chu1
                  and Bogdan Draganski and Rachael I. Scahill and
                  Jonathan D. Rohrer and Nick C. Fox and Clifford
                  R. Jack and John Ashburner and Richard
                  S. J. Frackowiak},
title = {{Automatic classification of MR scans in Alzheimer's disease}},
year = 2008,
journal = {Brain},
volume = 131,
number = 3,
pages = {681--689}
}


@ARTICLE{Kovacevic-09,
author = {Kovacevic, S. and Rafii, M.S. and Brewer, J.B. and the
                  Alzheimer's Disease Neuroimaging Initiative},
title = {{High-throughput, fully automated volumetry for prediction of
                  MMSE and CDR decline in mild cognitive impairment}},
year = 2009,
journal = {Alzheimer Dis Assoc Disord},
volume = 23,
number = 2,
pages = {139--145}
}


@ARTICLE{Brewer-08,
author = {J.B. Brewer and S. Magda and C. Airriess and M.E. Smith},
title = {{Fully-Automated Quantification of Regional Brain Volumes for
                  Improved Detection of Focal Atrophy in Alzheimer
                  Disease}},
journal = {American Journal of Neuroradiology},
year = 2008,
volume = 30,
pages = {578--580}
}


@ARTICLE{Wyman-12,
author = {Wyman, B.T. and Harvey, D.J. and Crawford, K. and Bernstein,
                  M.A. and Carmichael, O. and Cole, P.E. and Crane,
                  P.K. and Decarli, C. and Fox, N.C. and Gunter,
                  J.L. and Hill, D. and Killiany, R.J. and Pachai,
                  C. and Schwarz, A.J. and Schuff, N. and Senjem,
                  M.L. and Suhy, J. and Thompson, P.M. and Weiner,
                  M. and Jack, C.R. and the Alzheimer's Disease
                  Neuroimaging Initiative},
title = {{Standardization of analysis sets for reporting results from ADNI MRI data}},
journal = {Alzheimer's \& Dementia},
year = 2012
}



@ARTICLE{Giorgio-13,
author = {Giorgio, A. and De Stefano, N.},
title = {{Clinical Use of Brain Volumetry}},
year = 2013,
journal = {Journal of Magnetic Resonance Imaging},
volume = 37,
pages = {1--14}
}


@ARTICLE{Jack-11,
 author = {Jack, C. and Barkhof, F. and Bernstein, M. and Cantillon,
                  M. and Cole, P. and Decarli, C. and Dubois, B. and
                  Duchesne, S. and Fox, N. and Frisoni, G. and Hampel,
                  H. and Hill, D. and Johnson, K. and Mangin,
                  J.-F. and Scheltens, P. and Schwarz, A. and
                  Sperling, R. and Suhy, J. and Thompson, P. and
                  Weiner, M. and Foster, N.},
 title = {{Steps to standardization and validation of hippocampal
                  volumetry as a biomarker in clinical trials and
                  diagnostic criterion for Alzheimer's disease}},
 journal = {Alzheimer's \& Dementia},
 year = 2011,
 volume = 7,
 number = 4,
 pages = {474--485}
}

@article{Jack-10,
  title={Update on the MRI Core of the Alzheimer's Disease Neuroimaging Initiative},
  author={Jack, Clifford R and Bernstein, Matt A and Borowski, Bret J and Gunter, Jeffrey L and Fox, Nick C and Thompson, Paul M and Schuff, Norbert and Krueger, Gunnar and Killiany, Ronald J and DeCarli, Charles S and others},
  journal = {Alzheimer's \& Dementia},
  volume={6},
  number={3},
  pages={212},
  year={2010}
}


@article{Walhovd-11,
  title={Consistent neuroanatomical age-related volume differences across multiple samples},
  author={Walhovd, Kristine B and Westlye, Lars T and Amlien, Inge and Espeseth, Thomas and Reinvang, Ivar and Raz, Naftali and Agartz, Ingrid and Salat, David H and Greve, Doug N and Fischl, Bruce and others},
  journal={Neurobiology of aging},
  volume={32},
  number={5},
  pages={916--932},
  year={2011},
  publisher={Elsevier}
}


@article{Apostolova-12,
  title={{Hippocampal atrophy and ventricular enlargement in normal
                  aging, mild cognitive impairment and Alzheimer's
                  disease}},
  author={Apostolova, Liana G and Green, Amity E and Babakchanian,
                  Sona and Hwang, Kristy S and Chou, Yi-Yu and Toga,
                  Arthur W and Thompson, Paul M},
  journal={Alzheimer disease and associated disorders},
  volume={26},
  number={1},
  pages={17},
  year={2012},
  publisher={NIH Public Access}
}